hour,minute,tendance,last_ask,last_bid,first_bid,candle_body,high,low,spread,ask_median,bid_median,ask_volume_total,bid_volume_total,volume_total,bid_price1,bid_price2,bid_price3,bid_price4,bid_price5,bid_price6,bid_price7,bid_price8,bid_price9,bid_price10,bid_volume1,bid_volume2,bid_volume3,bid_volume4,bid_volume5,bid_volume6,bid_volume7,bid_volume8,bid_volume9,bid_volume10,ask_price1,ask_price2,ask_price3,ask_price4,ask_price5,ask_price6,ask_price7,ask_price8,ask_price9,ask_price10,ask_volume1,ask_volume2,ask_volume3,ask_volume4,ask_volume5,ask_volume6,ask_volume7,ask_volume8,ask_volume9,ask_volume10
8,38,0,0.86469,0.86461,0.86464,-3,23,5,8,0.86472,0.86456,48.17655038933239,51.82344961066761,117474428,16,18,15,2,0,1,9,3,4,5,8750000,8400000,7000000,4980769,3791667,3585470,3120000,2934211,2855072,2581395,-15,-13,0,-1,3,1,-11,2,-7,-2,9333333,9333333,4914634,3713483,3679487,3263158,3000000,2918750,2714286,2513514
8,39,1,0.86484,0.86472,0.86461,11,24,23,12,0.86482,0.86461,50.18548642524407,49.814513574755935,264932056,29,28,27,25,1,21,20,4,5,0,14000000,14000000,14000000,14000000,5551084,5166667,4916667,4407484,4314540,3698413,-9,-12,-10,-11,-7,-4,-8,14,8,15,14000000,8750000,7875000,7500000,7280000,7000000,7000000,4623932,4382682,4316176
8,40,1,0.8651,0.86495,0.86472,23,23,38,15,0.86495,0.86478,44.17815277705392,55.82184722294608,231571647,33,38,35,32,20,3,24,6,18,21,14000000,8750000,8400000,8400000,4091205,4000000,3952237,3884615,3788546,3574194,-8,31,7,-1,27,29,26,22,24,6,8750000,4151786,3869055,3818182,3619681,3550781,3548583,3511737,3498000,3426966
8,41,1,0.86513,0.86496,0.86495,1,25,18,17,0.86508,0.8649,50.530531486881735,49.469468513118265,176094732,17,15,14,16,19,0,13,-1,2,-3,8166667,7388889,7250000,7000000,7000000,5581928,4500000,3358859,3342105,3260784,-3,-8,-7,-5,-4,7,6,-1,10,11,10500000,8166667,7875000,7777778,7000000,4452323,3680912,3656250,3333333,3306604
8,42,1,0.86517,0.86499,0.86496,3,31,22,18,0.86511,0.86493,50.62660191300368,49.373398086996325,216623421,20,25,3,16,19,-6,-5,1,4,-1,14000000,7000000,4551637,4479167,4117647,3992647,3980519,3947368,3793696,3782609,-11,-8,-10,-13,-4,11,13,17,5,15,9333333,7000000,7000000,7000000,6200000,3688279,3620066,3529570,3331019,3277244
8,43,1,0.86514,0.86506,0.86499,7,21,15,8,0.86516,0.86497,55.707507773648295,44.292492226351705,151282571,19,20,18,16,5,3,4,6,13,2,7777778,7636364,7000000,6500000,4790281,4034910,4027088,3518127,2678571,2512500,-10,-13,-11,-12,3,2,1,4,0,-1,14000000,14000000,7035714,7000000,4117587,4087891,3347188,3344101,3093458,3011345
8,44,0,0.86513,0.86503,0.86506,-3,25,7,10,0.86516,0.86498,48.88182419410165,51.11817580589835,120899459,14,16,15,0,1,-1,2,5,-2,3,7500000,7179487,7140000,4867110,4067913,3693305,3447080,3028391,2874332,2744813,-15,-13,-14,1,-1,0,-2,2,-9,-4,8000000,7583333,7411765,3994253,3600840,3500000,3362500,3322581,2666667,2644068
8,45,0,0.86501,0.86493,0.86503,-10,37,2,8,0.86514,0.86495,54.85881526793741,45.14118473206259,223701703,11,16,-11,6,7,8,-10,-12,-3,-13,10500000,9333333,5275216,5049180,4761905,4411765,4044484,4000000,3905882,3804965,-27,-28,-25,-29,-26,0,-24,-11,-12,-13,14000000,14000000,7700000,7700000,7466667,5933333,4428571,4002151,3983391,3762542
8,46,0,0.86506,0.86489,0.86493,-4,32,15,17,0.86506,0.86483,48.65572873926649,51.34427126073351,250778589,16,23,19,21,17,18,14,22,-1,-3,14000000,10500000,9333333,8400000,8166667,7291667,7055556,7000000,4159041,3688917,-7,-9,-12,-11,-8,-15,-13,-10,10,6,10500000,8750000,8166667,8000000,7583333,7411765,7333333,7000000,3736607,3637450
8,47,1,0.86502,0.86493,0.86489,4,37,13,9,0.8651,0.86494,43.60427123341563,56.39572876658437,197350020,13,14,17,12,11,-11,-9,-5,1,-2,10500000,8750000,7000000,7000000,5750000,3584967,3569182,3436992,3261168,3225240,-22,-28,-21,-2,-18,-1,2,0,-14,-11,7636364,7000000,5250000,3460764,3420455,3368030,3287402,3167873,3064103,3030303
8,48,1,0.86511,0.86499,0.86493,6,30,18,12,0.86512,0.86492,60.32123737249743,39.67876262750257,202864441,21,20,23,22,5,4,6,9,3,-2,9333333,7388889,7350000,7000000,3606729,3563736,3464845,3398603,3220764,3081395,-13,-14,-16,-12,-11,-15,-10,-18,9,-7,10500000,10500000,9333333,9333333,8750000,8400000,7000000,7000000,4191288,3857143
8,49,1,0.86524,0.86506,0.86499,7,30,25,18,0.86519,0.86499,52.80450637371536,47.195493626284645,194223217,23,18,20,22,15,-1,2,-2,6,3,10500000,8000000,7411765,7000000,6000000,3788618,3266949,3223256,3182928,3147303,-11,-10,-12,-7,-4,-5,-2,10,6,12,10500000,8400000,8166667,7777778,7500000,7250000,4000000,3708538,3219844,3206989
8,50,0,0.86511,0.86505,0.86506,-1,34,5,6,0.86521,0.86501,56.88930949981593,43.11069050018407,190933910,15,14,12,17,20,-3,-5,-2,0,6,8000000,7538462,7000000,7000000,7000000,3639785,3479310,3414423,3304290,3002857,-28,-20,-25,-23,-24,-26,-9,-7,-4,-5,14000000,14000000,10500000,10500000,8750000,7000000,3813187,3127252,3126667,2924528
8,51,1,0.86519,0.86508,0.86505,3,28,14,11,0.86522,0.86503,58.87811553364808,41.12188446635192,174036156,17,15,13,11,12,1,0,3,8,2,10500000,7000000,7000000,4000000,3130435,3081579,3070833,3052239,2972973,2961315,-16,-15,-11,-14,-12,-17,-1,-6,1,2,14000000,10500000,9333333,8000000,7000000,7000000,3573499,3333095,3202675,3139175
8,52,0,0.86512,0.86502,0.86508,-6,34,6,10,0.86519,0.86501,55.751930054989565,44.24806994501044,194641475,13,15,16,11,-8,7,-1,-6,-3,0,8750000,8000000,7000000,4142857,3385475,3268750,3213889,3111554,3094633,2991259,-18,-24,-19,-21,-15,-1,-8,3,-16,0,14000000,10500000,10500000,9333333,5625000,3296460,3150877,3059055,3052632,3036982
8,53,0,0.86519,0.86488,0.86502,-14,40,20,31,0.86513,0.86491,46.79926027082916,53.20073972917084,262751839,7,8,12,4,5,10,14,6,15,-11,14000000,14000000,14000000,8750000,8750000,8750000,8400000,7000000,7000000,3170863,-4,-7,-2,-5,-8,-6,-9,16,15,10,14000000,14000000,10500000,9333333,8400000,7777778,7000000,3638057,3368379,3204139
8,54,1,0.86514,0.86501,0.86488,13,26,26,13,0.86513,0.86492,49.81391416404214,50.18608583595786,188000069,25,19,21,22,20,4,5,1,3,6,14000000,8750000,8400000,7777778,7636364,3632720,3343103,3171674,3126050,3092421,-7,-9,-8,-13,-10,7,6,5,8,-6,14000000,9333333,8750000,7304348,7291667,3682186,3511516,3422787,3215736,3000000
8,55,1,0.86521,0.86511,0.86501,10,25,20,10,0.86521,0.86501,45.612269540935706,54.38773045906429,193522872,20,23,21,28,18,16,17,-1,1,6,14000000,9333333,8400000,7000000,6211538,5315789,5111111,3933121,3494024,3474659,-9,-15,-13,-12,-10,5,1,3,0,-1,8875000,8250000,4888889,4882353,3687500,3536212,3471366,3372263,3359967,3134831
8,56,1,0.86526,0.8652,0.86511,9,30,15,6,0.86531,0.86509,54.24941886430085,45.75058113569915,245796292,26,27,29,30,20,13,2,-2,7,0,14000000,10500000,8750000,7777778,4203125,3531694,3516151,3510460,3337033,3166667,-21,-23,-24,-19,-22,-20,-4,6,-2,10,14000000,14000000,10500000,9333333,7700000,7000000,3717177,3226103,3218992,3178241
8,57,1,0.86546,0.86531,0.8652,11,23,26,15,0.86538,0.8652,45.43792298790381,54.5620770120962,168728377,26,25,33,24,7,21,-2,11,19,14,10500000,8000000,7000000,3666667,3659453,3416667,3333333,3273279,3269362,2930599,16,13,-7,12,11,17,-3,19,1,3,3854027,3813113,3333333,3290966,3202811,3121277,3111111,3062500,3058824,2620000
8,58,0,0.86535,0.86517,0.86531,-14,46,9,18,0.86542,0.86521,40.16443386245688,59.83556613754312,216086270,5,11,7,10,6,12,9,14,-18,-8,8750000,8750000,8000000,7350000,7333333,7233333,7000000,7000000,4597015,3750958,-28,-23,0,3,2,-10,-5,-14,-8,-2,10500000,7000000,3320874,3211180,2877778,2867293,2742271,2715789,2701299,2604386
8,59,1,0.86534,0.86519,0.86517,2,34,17,15,0.86538,0.86519,38.9208247122454,61.0791752877546,179040145,13,11,14,15,16,19,-1,-4,-7,-12,7583333,7583333,7466667,7000000,7000000,7000000,3279475,3192188,3153807,3000000,-1,8,4,-18,-6,3,-14,1,2,0,3307135,3216049,3089216,3000000,2975349,2771450,2746667,2730726,2699203,2696569
9,0,1,0.86528,0.8652,0.86519,1,25,9,8,0.86533,0.86516,32.61251210065648,67.38748789934353,165853605,17,14,18,16,15,20,12,11,8,10,10500000,9333333,9333333,8166667,8000000,8000000,4500000,3875000,3656667,3559055,0,-2,-7,1,-5,-14,2,3,-13,-1,3081679,3029070,3014834,2951763,2817687,2727273,2701370,2575301,2542553,2538043
9,1,0,0.86509,0.865,0.8652,-20,44,8,9,0.86522,0.86504,46.25346740474244,53.74653259525756,238205895,18,20,16,14,-16,15,-15,-10,0,2,7875000,7000000,5772727,3928571,3661585,3600000,3595890,3436937,3204954,3187676,-35,7,-33,-1,-21,0,6,-20,2,-6,9000000,4078125,4000000,3479215,3429032,3309632,3056452,2870504,2861660,2834684
9,2,1,0.86516,0.86502,0.865,2,32,20,14,0.86513,0.86494,58.4345882613607,41.5654117386393,248467742,20,23,28,22,18,-4,2,12,14,5,10500000,8000000,7583333,7500000,3580247,3155000,3154684,3149822,3091000,2901099,-12,-9,-17,-11,-8,-13,-18,-15,11,-7,14000000,9333333,9333333,8400000,8000000,8000000,7875000,7700000,3601287,3333333
9,3,1,0.86518,0.86507,0.86502,5,28,18,11,0.86517,0.86496,52.069238958464176,47.930761041535824,255908240,27,22,23,24,19,26,21,-3,-2,1,14000000,9333333,8000000,7466667,7142857,7000000,4500000,4251744,4217241,3380783,-12,-16,-8,-11,-13,-10,-15,-17,9,-7,14000000,10500000,7437500,7437500,7241379,7142857,7000000,7000000,3497914,3461538
9,4,0,0.86521,0.86506,0.86507,-1,28,15,15,0.8652,0.86501,52.077783282232375,47.922216717767625,203978227,18,20,16,14,15,0,-1,5,-2,-5,10500000,10500000,8000000,6000000,4900000,3702033,3522395,3516234,3396678,3339827,-8,-10,-9,-12,-11,-13,12,3,4,1,14000000,8750000,8750000,7875000,7250000,7000000,3173333,2958570,2858621,2807377
9,5,0,0.86507,0.86495,0.86506,-11,43,10,12,0.86516,0.86496,54.157756322242136,45.84224367775786,279612274,19,22,17,14,13,12,-14,-9,-15,-13,10500000,10500000,7000000,6500000,6000000,4000000,3478548,3102500,3093333,3002513,-27,-30,-31,-28,-24,-26,-22,-3,4,-2,14000000,14000000,14000000,10500000,7777778,7000000,6000000,3200332,3107229,2947126
9,6,0,0.86504,0.86491,0.86495,-4,40,9,13,0.86511,0.86492,45.98639424597294,54.01360575402706,192836354,18,15,17,12,10,-2,-10,-4,-1,-7,14000000,8400000,8166667,7000000,4437500,3286517,3219870,3054178,3026423,2937630,-20,-27,-25,-1,-13,-6,-11,-4,-9,3,9333333,7777778,7000000,3251706,3108571,3030469,2721122,2699766,2674946,2669565
9,7,0,0.86504,0.86491,0.86491,0,30,18,13,0.865,0.86483,48.6804979461658,51.3195020538342,171111670,22,25,21,-2,6,2,5,4,3,8,14000000,7000000,7000000,3509259,3120936,3057673,3002516,2907572,2894552,2877390,-10,-17,-13,6,4,-8,-1,9,8,12,7875000,7000000,7000000,3287812,3265815,3250000,3149038,3120881,2920105,2791237
9,8,1,0.86502,0.86492,0.86491,1,27,11,10,0.86505,0.86484,51.90872402479577,48.09127597520423,195475797,21,23,19,26,18,0,2,1,7,16,10500000,10500000,9333333,7000000,4137931,3531690,3337112,3033025,2816838,2727273,-12,-15,-17,-11,-14,-13,-10,2,7,0,8750000,7318182,7259259,7000000,7000000,7000000,4700000,3706215,3630498,3559474
9,9,0,0.86499,0.86481,0.86492,-11,36,12,18,0.86501,0.86481,48.7775925442992,51.2224074557008,204989342,13,16,15,20,10,8,-8,-10,-5,1,8750000,7875000,7583333,7000000,6545455,4150259,3819403,3781513,3702012,3310490,-17,-18,-15,-14,7,-1,9,4,8,3,8000000,7333333,7062500,7000000,3779236,3632027,3514286,3506136,3307246,3272881
9,10,1,0.86506,0.86489,0.86481,8,35,25,17,0.86508,0.86489,47.2414069554781,52.7585930445219,203764742,12,15,17,14,-5,4,1,-12,9,-7,10500000,8750000,8400000,7700000,3500000,3480514,3395687,3369048,3346471,3298635,-14,-18,-12,-10,6,7,1,2,-11,5,14000000,7000000,4375000,4098592,3835878,3790262,3284700,3227257,3151515,3043724
9,11,1,0.86516,0.86506,0.86489,17,22,27,10,0.86513,0.86496,55.15735217943835,44.84264782056165,170977009,32,22,20,5,2,4,6,10,3,7,7000000,5625000,4511628,3852123,3545263,3484088,3261156,3142185,3048128,3038409,-12,-11,-10,17,11,6,10,-8,1,3,8166667,7411765,5000000,3800000,3725490,3634571,3538462,3500000,3189055,3083333
9,12,1,0.8654,0.86516,0.86506,10,38,34,24,0.86532,0.86512,54.02186614061778,45.97813385938222,240085166,25,20,5,6,-7,9,-11,7,-8,-12,8000000,4263158,3851190,3797391,3745245,3565491,3474922,3332891,3167575,3121739,-14,-10,-12,-9,28,25,8,20,7,21,14000000,7857143,7000000,5333333,3333333,3234234,3125439,3095833,3076412,3056634
9,13,1,0.86539,0.86525,0.86516,9,30,23,14,0.86541,0.8652,49.35445879157252,50.64554120842748,214946154,16,18,19,17,-7,-4,-5,-2,3,-6,14000000,9333333,8400000,7583333,4725664,3857542,3706320,3608571,3605994,3562112,-10,-14,-13,-16,-12,7,-15,4,-1,6,10500000,8750000,7636364,7368421,7000000,4126016,4125000,3709571,3493450,3328283
9,14,0,0.86544,0.86525,0.86525,0,31,19,19,0.8654,0.86521,51.70979547653708,48.29020452346292,174136500,17,13,-4,15,-7,-1,-2,-6,0,-5,16000000,3458333,3364087,3350000,3303738,3167047,3127751,3033430,3001559,2908213,-10,-11,15,-8,9,6,8,4,10,12,14000000,6000000,3669231,3647059,3115385,3001520,2934982,2875718,2808682,2803738
9,15,1,0.8656,0.86533,0.86525,8,72,35,27,0.86557,0.86529,61.39018063559799,38.609819364402014,183549701,20,17,15,-2,19,-3,6,2,5,-1,5000000,3318182,3019608,2978200,2750000,2681933,2638632,2605896,2477824,2420328,-8,-11,-9,-6,-7,-19,1,22,5,12,8000000,7500000,5625000,4541667,4000000,3500000,2956522,2930131,2822816,2702320
9,16,0,0.86448,0.86435,0.86533,-98,137,9,13,0.86505,0.8648,51.770810367664815,48.22918963233519,490029461,-83,-47,-93,-48,-89,-85,-44,12,15,-41,4928571,4456391,4178571,3347941,3333333,2700000,2539316,2521739,2500000,2486324,-124,-105,-94,-117,-98,-91,-2,-1,-85,-95,8750000,4846154,3473684,3000000,2850000,2827586,2642961,2558715,2534483,2509434
9,17,0,0.86406,0.86395,0.86435,-40,75,8,11,0.86434,0.86413,51.73246198182819,48.26753801817181,340900006,10,-47,0,-28,-7,-45,-48,-29,-46,-8,3770115,3500766,3479487,3297510,3250000,3218329,3026630,3011494,2975000,2946429,-63,-62,3,-24,-14,-21,-44,-29,-10,-45,9125000,9000000,3646667,3436854,3321138,3271831,2993889,2955661,2949074,2917208
9,18,1,0.86428,0.86414,0.86395,19,30,33,14,0.86423,0.864,46.282927267478016,53.717072732521984,212126963,35,32,-6,9,-5,-4,21,-2,17,-7,8000000,7600000,3364641,3117950,3115385,2869281,2721983,2674051,2665923,2656522,20,10,21,-2,15,3,5,-3,-4,11,3550766,3534436,3407670,3317722,3184348,3171362,3121870,3111821,3088296,3069854
9,19,1,0.8644,0.86427,0.86414,13,31,27,13,0.86435,0.86414,55.21394504759112,44.78605495240888,258263328,33,34,37,28,-3,12,22,26,24,-2,7000000,4285300,4000000,3524371,3424194,3215817,3050000,3048485,3034925,3012968,-17,-16,-15,-18,22,13,12,10,0,-2,14000000,8750000,7000000,7000000,4476868,3768131,3596331,3401974,3322171,3311547
9,20,1,0.86457,0.86442,0.86427,15,28,32,15,0.86446,0.86425,47.65099322879162,52.34900677120838,299615207,37,36,35,39,33,34,42,32,2,-3,10500000,8750000,8750000,7875000,7500000,7000000,7000000,4727273,3441589,3416667,-13,-10,-11,-9,-6,23,-4,2,9,24,14000000,8400000,8166667,7583333,5625000,3682166,3678571,3431535,3422594,3394219
9,21,0,0.86454,0.86439,0.86442,-3,39,12,15,0.86457,0.86437,54.14828975610164,45.85171024389836,215200300,20,15,19,-8,-10,-7,-9,-4,-1,4,10500000,8166667,7000000,3945534,3684615,3635853,3482544,3287615,3092997,2999692,-24,-21,-16,-19,-15,-18,8,2,7,-4,14000000,7875000,7583333,7437500,7388889,7000000,3647668,3473609,3378924,3336000
9,22,1,0.86464,0.86447,0.86439,8,32,25,17,0.86459,0.8644,52.98321632383894,47.01678367616106,229800013,25,23,27,7,-7,3,4,-1,-3,20,9333333,7437500,7000000,3670370,3657534,3589491,3525033,3518000,3413793,3365854,-8,-11,-14,-13,-9,-6,14,13,19,17,14000000,8400000,7166667,7000000,6173913,3562500,3464925,3342556,3275449,3258929
9,23,0,0.8645,0.86431,0.86447,-16,59,8,19,0.86462,0.86445,54.05926869358935,45.940731306410655,219775757,6,-31,-6,-27,-26,-11,-18,-8,-24,-28,10500000,4130000,3963226,3096436,3036275,3025407,3010147,2991297,2957465,2929440,-37,-40,2,1,-9,-8,-3,-20,-18,-17,8750000,8750000,4043554,4018690,3536982,3416449,3143450,3113513,3109682,3075893
9,24,1,0.86452,0.86438,0.86431,7,36,21,14,0.86458,0.8644,48.25515542453272,51.74484457546728,209744269,15,13,12,11,-10,-2,-9,10,-11,-7,14000000,14000000,8000000,7000000,3591278,3455343,3395706,3333333,3290667,3008242,-20,-21,-22,2,0,3,-8,-3,1,-6,14000000,9333333,8400000,3945946,3564220,3456522,3356077,3170047,3113978,3043062
9,25,0,0.86446,0.86438,0.86438,0,37,8,8,0.86457,0.86438,56.25937318305726,43.74062681694274,168247941,14,13,-5,-3,-6,-2,-7,-10,-4,-9,10500000,7000000,3519108,2864668,2836096,2774725,2762168,2726415,2695382,2629464,-26,-29,-27,-24,-6,-1,0,-8,-9,-7,9333333,8750000,7250000,7000000,3787202,3755376,3702381,3401764,3370120,3264552
9,26,0,0.86459,0.86437,0.86438,-1,37,21,22,0.86457,0.86435,51.35656615825357,48.64343384174644,215084018,16,17,15,12,-10,-6,-5,2,0,-3,14000000,14000000,8000000,6285714,4141667,3644612,3355620,3303571,2961144,2875856,-14,-11,-15,-12,-10,-8,-9,14,10,11,10500000,7875000,7000000,7000000,7000000,6450000,4500000,4067692,3621495,3422652
9,27,0,0.86451,0.86436,0.86437,-1,32,14,15,0.86454,0.86433,61.54812790222639,38.45187209777361,166746339,17,19,1,-1,-5,-6,2,-3,-2,0,8750000,7000000,4279856,3095238,2894309,2712121,2609756,2560800,2554502,2524566,-11,-14,-17,-12,-16,-15,6,3,4,5,14000000,9333333,7777778,7777778,7700000,7000000,4091895,3532218,3274796,3232078
9,28,0,0.8644,0.8643,0.86436,-6,37,6,10,0.86448,0.8643,55.362131768929686,44.63786823107032,171525382,9,11,15,10,-5,-9,-6,6,-8,-7,7100000,7000000,7000000,4625000,3486418,3434010,3383051,3263158,2773267,2705326,-26,-27,-25,-7,-9,2,-8,-1,3,-6,14000000,10500000,7538462,4456702,3630102,3416667,3403023,3127119,2980769,2937690
9,29,0,0.86446,0.86424,0.8643,-6,34,19,22,0.86441,0.86423,59.98689482724096,40.01310517275904,155964369,14,8,4,-9,-1,-8,-7,0,-6,2,4500000,3322870,2966195,2931818,2832602,2806667,2666667,2635812,2568889,2463455,-12,-9,-7,10,9,6,15,16,-1,7,14000000,10500000,8400000,3202212,3151184,3142036,3057143,2931138,2878613,2841232
9,30,1,0.86468,0.86449,0.86424,25,38,44,19,0.86458,0.86436,52.94095530793731,47.05904469206269,197246367,30,-9,35,21,25,2,27,34,14,24,2730392,2602941,2500000,2400844,2327731,2312918,2294872,2266667,2170000,2143204,-14,32,-10,31,34,16,24,26,25,17,4111111,3161017,2831169,2803419,2528169,2526912,2409314,2407009,2403553,2400531
9,31,0,0.8633,0.86309,0.86449,-140,201,39,21,0.86386,0.8635,52.920509628092695,47.079490371907305,535013285,-80,-82,44,42,-130,39,-11,-106,-119,-105,3000000,3000000,3000000,2903846,2500000,2040323,2019685,2000000,2000000,2000000,-122,-123,-113,-90,-141,-109,10,15,17,-95,4000000,4000000,3000000,2425000,2370370,2200000,2177735,2174372,2074871,2066667
9,32,0,0.86293,0.86267,0.86309,-42,84,24,26,0.8631,0.86286,52.19583501123616,47.80416498876384,353303138,21,20,8,14,-18,-19,-13,13,-48,-9,7000000,7000000,3421926,3142857,2704312,2593813,2547748,2538462,2514644,2492482,-57,-58,8,9,-42,-22,-40,13,7,-5,7000000,7000000,2975012,2940795,2916667,2909908,2755906,2717635,2699897,2675802
9,33,1,0.86281,0.86268,0.86267,1,29,27,13,0.86275,0.86255,48.19756619231711,51.80243380768289,216002523,32,33,1,0,3,-4,28,13,14,6,14000000,12000000,3196581,3034898,2578855,2521552,2432820,2427526,2383042,2335576,-16,-13,1,22,21,6,20,3,2,-5,8750000,5400000,3204201,3133995,3119154,2856320,2831851,2675300,2652981,2596762
9,34,1,0.86298,0.86287,0.86268,19,38,30,11,0.86302,0.86282,51.84680550973519,48.15319449026481,232383945,28,27,19,20,2,8,0,-14,5,-13,8000000,7000000,2944444,2919333,2898564,2799207,2795427,2750000,2687860,2662304,-27,8,6,4,14,13,15,7,-22,12,12000000,3275264,3026316,2994375,2914570,2861475,2829381,2820859,2810811,2750213
9,35,0,0.86271,0.86253,0.86287,-34,60,24,18,0.86279,0.86258,49.917191408746405,50.0828085912536,344377915,26,25,-34,-33,22,-35,-28,-32,18,-30,14000000,7666667,4825203,3760000,3548600,3442308,3420486,3401709,3275676,3137097,-42,-38,-40,-30,-27,-14,17,-34,18,15,10666667,9333333,8750000,3137500,3101293,2995068,2914251,2851064,2832326,2754221
9,36,1,0.86265,0.86257,0.86253,4,32,15,8,0.86269,0.86249,54.02887247470616,45.97112752529384,193853629,24,2,-3,-6,1,-4,4,-1,22,3,8416667,3077247,3006917,2911458,2759579,2756824,2750538,2725260,2698113,2688302,-24,-23,-21,-18,7,-19,12,-17,5,1,8500000,8400000,4000000,3285714,2963382,2941176,2940000,2892157,2867117,2838061
9,37,0,0.86229,0.86218,0.86257,-39,69,5,11,0.86255,0.86235,46.57724360097664,53.42275639902336,325561790,21,12,23,-20,-4,-29,-5,-43,-42,-33,9333333,7250000,7000000,3496581,3330311,3230382,3143275,3005600,3001634,2989043,1,2,0,-3,-4,-10,-5,-11,-32,-19,4171937,3507075,3457407,3316206,3236156,3144643,3107843,2938876,2937668,2917359
9,38,1,0.86237,0.86228,0.86218,10,33,25,9,0.86237,0.86218,51.45053469095874,48.54946530904126,227801963,-11,-9,-10,13,14,-8,-7,-6,-12,3,3232210,3165864,3059406,3044581,3041598,2973790,2918638,2916988,2898990,2857703,24,-8,-3,-13,17,14,2,13,-11,-22,3263158,3127955,3088588,2987878,2851604,2850324,2849569,2840943,2784698,2761905
9,39,1,0.86256,0.86242,0.86228,14,40,28,14,0.86254,0.86236,48.31356099483003,51.68643900516997,240721484,29,-6,-12,-13,-14,2,-9,-5,-7,3,8750000,4008499,3623932,3381443,3371795,3275223,3270968,3189076,3057522,2891459,-26,-19,21,18,20,16,15,11,12,-9,7000000,3285714,3222222,3135455,2991098,2971560,2940909,2900517,2733291,2614162
9,40,0,0.86235,0.86216,0.86242,-26,47,5,19,0.86247,0.86228,47.99216198807332,52.00783801192668,162556017,10,-24,1,-11,-23,-12,-8,-22,-9,-21,8000000,3450254,3110000,3044234,3031540,3005269,2895164,2840615,2798287,2793760,-26,-15,-24,-2,-1,-22,-12,0,-27,-10,3409091,2817175,2806452,2744337,2705341,2701613,2656964,2651452,2600000,2575000
9,41,1,0.86251,0.86241,0.86216,25,20,35,10,0.8624,0.86221,55.6104516624577,44.3895483375423,206971973,3,4,26,16,7,14,1,6,19,11,3593750,3419753,3193584,2958836,2872727,2814506,2774590,2738520,2600853,2544959,-10,-7,-4,1,25,13,11,27,2,12,7500000,4157895,3700935,3468107,3252252,3199597,3123180,3119672,3087838,3053463
9,42,0,0.86229,0.86213,0.86241,-28,46,11,16,0.86238,0.86224,52.61014327794346,47.38985672205654,199981723,-26,5,-12,-25,7,-24,-23,-17,-19,3,3101143,3076923,3026309,3012019,2972222,2896679,2816358,2765404,2764989,2761905,-30,-29,5,3,1,-11,-21,6,-8,-12,8000000,4250000,3750000,3280702,3273585,3266724,3023426,2890244,2798122,2745398
9,43,0,0.86222,0.86212,0.86213,-1,38,12,10,0.86228,0.86209,43.32919756011399,56.67080243988601,209515034,25,21,-12,-14,-9,-2,-3,-10,-13,12,16000000,7090909,3759542,3625000,3511111,3326357,3281719,3232143,3162651,3113684,-21,6,10,-13,7,9,-3,2,-2,5,7000000,3152749,3067901,2994685,2994220,2940972,2931855,2918029,2860362,2805272
9,44,1,0.86224,0.86216,0.86212,4,24,12,8,0.86227,0.86207,50.175472117372,49.824527882628,168860446,22,20,19,17,0,-1,1,2,4,5,7777778,7276596,5708333,4150538,4034299,3747409,3626045,3487662,3436265,3402197,-15,-13,-14,-1,2,-12,3,-10,5,0,10500000,7666667,7184211,3339706,3000000,3000000,2966622,2960000,2879093,2860648
9,45,1,0.86226,0.86217,0.86216,1,29,10,9,0.8623,0.8621,47.33224823362571,52.66775176637429,185439180,20,21,19,-2,1,-3,6,3,18,2,10500000,8400000,6500000,3994128,3565079,3538911,3313828,3226251,3220339,3194186,-18,-16,-17,2,6,1,8,0,7,5,7142857,7057143,4263158,3860399,3607955,3406764,3380000,3081617,3078035,3060472
9,46,0,0.86211,0.86199,0.86217,-18,46,5,12,0.86225,0.86207,50.95583856318956,49.04416143681044,217650980,10,-20,-22,-5,-18,-6,-17,-21,-19,-7,6448276,4354839,3966146,3868538,3860985,3706921,3597222,3556452,3552239,3465465,-33,-30,-31,-18,3,2,-25,-29,-4,-27,10500000,4200000,4111111,3857143,3784946,3750000,3705357,3214286,3188937,3182076
9,47,1,0.86219,0.86206,0.86199,7,29,20,13,0.8622,0.862,49.80096071538008,50.19903928461992,177036408,19,20,18,17,-4,4,0,6,-2,2,7500000,7333333,5857143,4268293,3697531,3451962,3294041,3254376,3156015,3101133,-13,-14,-11,11,8,9,7,-1,-9,6,14000000,8400000,5333333,3759717,3423172,3133127,3090963,3016223,2930556,2898293
9,48,0,0.8621,0.86201,0.86206,-5,34,4,9,0.8622,0.86203,47.13456125256923,52.86543874743077,171300137,13,10,-14,-15,-9,-5,-10,-11,-8,-7,14000000,6307692,3400000,3383721,3230568,3174603,3059483,3022246,2940821,2926238,-24,2,1,-6,-9,-23,-5,-10,-7,-2,7166667,3918033,3750000,3454087,3284545,3187500,3104288,3102660,2995351,2821560
9,49,1,0.86222,0.86212,0.86201,11,30,21,10,0.86223,0.86205,50.36301243930296,49.63698756069704,201651492,22,25,21,-1,2,-6,-2,0,-3,-7,8666667,8000000,5666667,3775355,3532250,3430108,3408488,3355431,3312500,3245614,-20,-16,-14,2,12,7,10,-11,3,8,10666667,10500000,4172414,3859164,3508584,3495822,3480216,3303030,3295827,3171769
9,50,0,0.86215,0.86202,0.86212,-10,44,5,13,0.86228,0.86211,48.1683920956546,51.8316079043454,211263693,9,8,10,-24,-7,-19,-9,-6,-18,-8,7000000,6083333,5384615,4713636,3494163,3482405,3424176,3414793,3209422,3193459,-30,-28,3,1,-5,-4,0,-3,-6,-20,8500000,4722222,4346154,4028571,4023852,3559415,3548276,3405941,3306723,2911566
9,51,0,0.8621,0.86202,0.86202,0,39,8,8,0.86224,0.86206,46.75919021765123,53.24080978234877,175156053,13,11,-12,-13,-17,-2,0,-4,-15,-3,9333333,5777778,3572292,3364775,3170391,2915306,2909091,2900341,2899676,2881241,-15,-27,-8,-5,1,0,-4,-2,-14,-20,3566161,3342105,3244060,3197266,3118978,3104938,3080357,3068120,2991743,2752236
9,52,0,0.86221,0.862,0.86202,-2,34,19,21,0.86219,0.86201,48.321140121419255,51.678859878580745,182291181,14,9,-11,11,-6,-12,-9,-10,-8,-5,9333333,6154412,4460227,4444444,3922380,3747619,3639735,3464286,3386536,3267456,-12,-11,13,11,7,6,5,2,8,12,11500000,7000000,4163551,3571895,3298246,3232283,3113777,2980333,2903351,2897638
9,53,1,0.86243,0.86232,0.862,32,27,43,11,0.86237,0.86217,45.835676970997575,54.164323029002425,237399823,36,33,32,1,-4,30,31,12,20,-5,10500000,7000000,4000000,3943590,3695205,3642857,3560000,3538542,3533430,3494318,-12,-16,2,15,17,22,-11,1,4,18,7700000,7000000,3360294,3282857,3190855,3111702,3000000,2917647,2890533,2874207
9,54,0,0.86242,0.8623,0.86232,-2,29,10,12,0.86247,0.86227,43.33849582440863,56.661504175591375,178083278,15,16,17,12,14,-6,-5,-1,-7,-4,14000000,9333333,8040000,6117647,4432432,4181679,4088406,3891304,3778186,3666452,-13,-15,-16,3,1,2,-4,-5,-2,0,8400000,7500000,7280000,3434722,3426997,3348557,3311497,3027982,2977612,2940431
9,55,0,0.86231,0.86224,0.8623,-6,29,5,7,0.8624,0.8622,37.66658917257199,62.33341082742801,188779976,21,16,20,15,17,-7,-11,-6,-5,0,9000000,8750000,8750000,7400000,5500000,4033597,3883721,3797183,3481214,3460024,-21,-20,-1,-8,2,-3,-2,-9,3,-5,4894737,4000000,3292403,3232834,3181373,3176320,2999164,2959656,2824468,2810132
9,56,1,0.86236,0.86226,0.86224,2,24,19,10,0.86233,0.86211,46.1762182385495,53.8237817614505,215825628,33,25,30,31,0,2,5,26,11,12,8166667,7875000,7437500,7000000,5028846,4241667,3705460,3608696,3591946,3363757,-13,-14,-9,-11,12,14,15,13,10,0,8166667,7538462,5916667,3750000,3601464,3531983,3489264,3442235,3132438,3122340
9,57,0,0.86231,0.86222,0.86226,-4,34,5,9,0.8624,0.8622,44.68501684831613,55.31498315168388,173270728,17,11,14,10,-3,-8,-2,-4,-9,-1,14000000,9333333,8000000,6050000,4168036,3991259,3790909,3508079,3481481,3087221,-18,-25,-19,-16,-3,-4,-2,-5,-8,-9,9333333,7000000,6333333,4500000,4267685,3410362,3127725,3092937,2783151,2708981
9,58,1,0.86232,0.86224,0.86222,2,23,10,8,0.86234,0.86214,42.11101509397525,57.88898490602475,122721150,22,19,20,3,4,2,1,8,5,9,8750000,8400000,7000000,4073046,3759766,3505065,2901274,2825000,2561303,2431655,1,-11,2,0,3,5,6,7,4,-3,4138856,3866667,3627517,2914286,2825359,2701987,2621212,2559524,2552308,2326185
9,59,1,0.86239,0.86227,0.86224,3,26,15,12,0.86238,0.86217,41.95951332870951,58.04048667129049,141418492,21,27,-2,4,1,7,3,0,2,5,10500000,8750000,3410526,2944236,2914956,2912527,2823848,2722222,2682065,2558389,5,9,7,6,11,4,10,-9,-7,12,2970480,2926910,2739650,2624836,2466667,2433250,2387097,2343750,2314815,2307692
10,0,0,0.86248,0.86226,0.86227,-1,39,21,22,0.86248,0.86227,52.622289326045504,47.377710673954496,104709384,10,-5,-2,-8,-6,-4,-3,6,-7,12,4000000,2456682,2368553,2354310,2192412,2147679,2122961,2062500,2055288,2000000,9,11,8,10,7,-8,5,-7,-5,0,2816149,2618824,2568235,2447368,2392918,2345588,2255079,2229358,2215516,2199213
10,1,1,0.86268,0.86249,0.86226,23,38,42,19,0.86262,0.86241,49.806413397072,50.193586602928,162283699,-8,-1,-4,-6,-3,4,-5,1,24,23,2410714,2321872,2256032,2183544,2182670,2150211,2124157,2108996,2079192,2077434,13,11,15,12,8,14,-15,-13,18,-7,2710204,2309246,2231572,2217524,2165932,2147420,2125000,2114286,2112100,2074738
10,2,0,0.8623,0.86218,0.86249,-31,53,9,12,0.86246,0.86227,45.803761837820446,54.196238162179554,242439266,19,21,-29,-30,8,1,-31,-20,0,-27,9333333,7777778,4609929,3958478,3129688,2925881,2923469,2897311,2872283,2865724,2,-28,4,-10,3,-40,-30,1,-4,-27,3679901,3166972,2968627,2904042,2887240,2875000,2801887,2693267,2658206,2620253
10,3,0,0.86218,0.86199,0.86218,-19,51,10,19,0.86228,0.8621,44.78369577055628,55.21630422944372,244757743,13,12,10,-27,6,-28,-17,-16,-22,-29,12000000,10500000,8347826,4038674,3506494,3307692,3233407,3146469,3068212,3034188,-32,-29,-30,7,-9,6,5,4,-7,-20,8700000,4000000,3250000,3244094,3018205,3011236,2928854,2847484,2816129,2801471
10,4,1,0.86228,0.86213,0.86199,14,26,29,15,0.8622,0.86201,44.41322646257016,55.58677353742984,224240063,32,34,29,-5,-6,12,1,11,-7,-3,10500000,7000000,6615385,4039683,3714844,3210907,3154179,2938832,2886364,2873188,25,20,21,26,18,16,17,-1,22,19,4454545,4056011,3793907,3711111,3638126,3440650,3440287,2960199,2938144,2922093
10,5,0,0.86222,0.86212,0.86213,-1,28,11,10,0.86225,0.86207,47.33889401288393,52.66110598711607,196227096,19,21,23,18,-8,16,-7,-2,1,-1,8400000,8000000,7636364,5857143,4192308,3791667,3500000,3254696,3200993,3196247,-18,-16,8,-17,7,9,2,5,4,1,10500000,6411765,4050000,4000000,3564516,3418605,3416137,3350649,3169136,3111702
10,6,0,0.86214,0.86204,0.86212,-8,36,7,10,0.86224,0.86206,62.80886694189764,37.19113305810236,180198226,-8,-9,-7,-6,-12,1,-4,11,-2,-1,3402211,3200210,3193265,3061562,3029661,3022883,2996364,2809524,2682024,2667158,-26,-24,-23,-25,-21,-1,-6,-7,-8,0,14000000,9250000,8000000,7000000,4500000,3658571,3335656,3042192,3036927,3028881
10,7,0,0.86212,0.86198,0.86204,-6,35,11,14,0.86216,0.86194,46.44226854681512,53.557731453184886,195636042,22,20,18,24,17,-8,0,-3,-1,2,10500000,8750000,8750000,7500000,7000000,3555556,3358886,3357288,2849645,2788182,-16,-21,-18,-15,6,3,2,-12,9,8,7437500,7000000,6375000,5111111,3558252,3450370,3414141,3333333,3260870,3083673
10,8,0,0.86204,0.86192,0.86198,-6,35,9,12,0.8621,0.8619,39.13628302183051,60.86371697816949,242808125,16,15,17,18,14,13,20,12,-11,-8,14000000,14000000,10500000,10500000,9333333,7000000,7000000,4000000,3617949,3464052,-19,-23,-21,1,-17,3,2,-1,0,-16,14000000,7000000,7000000,3554893,3272727,3125658,3083089,3061782,2983247,2954545
10,9,1,0.86217,0.86203,0.86192,11,27,25,14,0.86214,0.86194,45.84252799323195,54.15747200676805,198532810,21,22,23,25,19,0,8,-1,7,20,8750000,8000000,7411765,7000000,7000000,3650000,3356465,3310714,3303516,3259259,-11,-13,-7,9,-8,12,13,11,10,4,9333333,8750000,3857143,3838192,3600000,3576981,3569620,3544000,3409814,3215582
10,10,1,0.86228,0.86207,0.86203,4,26,26,21,0.86217,0.86201,48.52654069197539,51.47345930802461,181150778,23,25,18,20,-2,-4,-3,2,-6,1,7000000,7000000,4580645,3583333,3445093,3442164,3302419,3198592,3165323,3165179,-5,-4,-2,20,13,18,21,3,14,15,7875000,7000000,3766667,3414798,3413741,3251773,3135220,3105455,3076674,2966510
10,11,1,0.86224,0.86215,0.86207,8,25,17,9,0.86228,0.86208,54.11439441982098,45.88560558017902,152550518,21,19,-1,3,4,0,-2,2,1,20,8166667,4066667,4002217,3891593,3424658,3220401,3183616,3162304,3011667,3000000,-16,-14,-15,-12,-13,4,-1,3,2,-11,7466667,7000000,7000000,7000000,5333333,3324000,3012389,2924460,2888979,2802938
10,12,1,0.86234,0.86219,0.86215,4,27,19,15,0.86228,0.86208,52.26741777518718,47.73258222481282,145594585,23,1,-1,0,2,9,7,6,8,4,6727273,4584821,3973214,3766055,3650862,3602026,3350202,3280347,3162634,3067114,-12,-11,-4,14,12,13,4,11,15,5,7000000,7000000,4000000,3860518,3423477,3273232,2997126,2962825,2918016,2905120
10,13,0,0.86224,0.86209,0.86219,-10,31,12,15,0.86225,0.86207,53.92497330064551,46.075026699354495,154141367,18,-1,-3,13,-2,-4,-5,-6,-7,-8,9333333,3992754,3858601,3794118,3785817,3695364,3540749,3145511,2618687,2526549,-13,-16,-12,0,7,8,-1,10,2,5,8750000,8166667,4800000,3937381,3857724,3809783,3593145,3476190,3364566,3290936
10,14,1,0.86243,0.86215,0.86209,6,36,34,28,0.86232,0.86214,50.31429974565017,49.68570025434983,230656725,21,19,4,-10,-16,5,2,-9,-8,8,14000000,5028571,4781609,3897770,3666667,3551780,3455036,3369186,3140257,3103448,-5,27,26,22,8,19,25,14,24,9,14000000,4482877,3624138,3589820,3583948,3376050,3370879,3369565,3368750,3233477
10,15,1,0.86243,0.86233,0.86215,18,26,28,10,0.86245,0.86228,49.227236545230696,50.7727634547693,168629610,24,17,-3,1,-4,8,2,-1,0,11,10500000,8000000,3966667,3701288,3195652,3100680,2988263,2987928,2896147,2884146,-14,-16,8,3,2,10,9,1,-13,-1,10500000,7000000,3602151,3495282,3292920,3162162,3137500,3085366,3000000,2914486
10,16,0,0.86235,0.86227,0.86233,-6,28,11,8,0.8624,0.8622,49.54697802810863,50.45302197189137,198786164,20,22,24,21,-3,2,-4,-1,-7,16,7875000,7000000,7000000,4125000,3660671,3430394,3175641,3161458,3096698,3091346,-20,-18,-19,-17,4,5,-5,6,0,9,7000000,7000000,7000000,5900000,3813653,3403636,3187845,3148810,3147783,3014925
10,17,0,0.86223,0.86215,0.86227,-12,35,4,8,0.86234,0.86217,56.10887185367999,43.891128146320014,173954492,14,-12,9,10,-11,-13,-5,-9,-4,-3,7700000,3662088,3645161,3600000,3353868,3328254,3219612,3212151,3032825,3030782,-26,-27,-5,-14,-6,-12,-9,-10,-13,-2,14000000,14000000,3655963,3383437,3317025,3227858,3187156,3039547,3029135,2964286
10,18,1,0.86236,0.86222,0.86215,7,29,21,14,0.86234,0.86217,50.07295936555219,49.92704063444781,193005379,26,-6,19,1,-7,-2,0,-1,18,2,14000000,4265734,4250000,3908331,3810000,3764403,3440559,3436719,3000000,2949472,-15,-11,-14,-7,13,5,1,4,10,6,10500000,7181818,7000000,3804878,3173913,2935164,2861549,2832893,2805031,2765410
10,19,0,0.86239,0.86222,0.86222,0,34,17,17,0.8624,0.8622,46.88910919881175,53.11089080118825,213899681,16,17,18,14,15,-10,-4,-9,-5,-11,10500000,10500000,8750000,8000000,7000000,4103846,3444284,3368243,3292883,3145833,-16,-14,-17,8,-11,11,4,-9,2,3,14000000,10500000,10500000,3579515,3500000,3365854,3331736,3219512,3174401,3081671
10,20,0,0.86229,0.86222,0.86222,0,29,7,7,0.86237,0.86216,53.56669605274104,46.43330394725896,195286377,28,25,22,21,13,-4,2,-1,0,1,14000000,8000000,7194444,7000000,4000000,3854839,3375517,3297784,3276961,3200204,-21,-22,-19,-16,-18,-17,-2,-3,1,-1,14000000,10500000,9333333,7000000,7000000,7000000,3446302,3345158,3061336,3058333
10,21,1,0.86238,0.86223,0.86222,1,35,16,15,0.86238,0.86214,42.87086308603752,57.12913691396248,294407833,24,19,20,29,25,26,18,21,23,28,14000000,10500000,9333333,8750000,8400000,7437500,7000000,7000000,7000000,7000000,-18,-16,-15,-14,-20,8,12,7,-9,6,14000000,14000000,14000000,10500000,7000000,3208870,3164729,3162698,3060606,2939518
10,22,0,0.86222,0.86213,0.86223,-10,43,7,9,0.86232,0.86213,54.06951068827394,45.930489311726056,257169026,15,18,16,14,12,11,-10,-12,-13,-3,10500000,9333333,8166667,7000000,6736842,4222222,3813144,3643548,3559809,3499151,-32,-30,-22,-29,-34,5,-4,-2,-1,-13,14000000,14000000,14000000,10500000,7000000,4000000,3677802,3673491,3658537,3379630
10,23,1,0.86231,0.8622,0.86213,7,28,18,11,0.86228,0.8621,48.42398679430068,51.57601320569932,190291172,26,24,27,-2,9,0,7,10,11,6,10500000,9333333,9333333,4648148,3609677,3577586,3472549,3098601,3033884,2911271,-17,-10,-14,-9,11,10,-4,12,9,-2,8750000,7000000,7000000,6166667,3948207,3377834,3377551,3277314,3127143,2949580
10,24,0,0.86222,0.86212,0.8622,-8,41,2,10,0.86234,0.86214,42.88698223266011,57.11301776733989,200713220,14,6,12,10,9,8,-10,3,-8,-9,14000000,9333333,9333333,8400000,7250000,7000000,3717692,3625000,3337611,3238706,-29,-31,-26,-3,-10,-4,-12,-13,-1,-17,14000000,8000000,7500000,3755195,3362992,3108917,3064928,3027829,2974390,2887500
10,25,1,0.86232,0.86219,0.86212,7,29,20,13,0.86231,0.8621,41.151267622538136,58.84873237746186,201531838,19,17,20,24,22,21,18,1,6,-1,14000000,14000000,10500000,8750000,8750000,7636364,7000000,3791513,3594072,3048523,-12,-9,-14,-16,8,9,6,7,10,3,10500000,7350000,7000000,7000000,3883562,3501285,3443152,3437500,2967153,2915212
10,26,0,0.8623,0.86219,0.86219,0,37,11,11,0.86236,0.86216,54.356932378254285,45.64306762174572,241721562,15,19,17,18,16,14,-9,-7,-5,-2,14000000,8166667,7000000,7000000,5839286,3804878,3744681,3729814,3405904,3394685,-21,-20,-26,-17,-18,-22,-23,-16,6,-1,10500000,10500000,8750000,7875000,7700000,7000000,7000000,4090909,3508876,3407611
10,27,0,0.86233,0.86202,0.86219,-17,46,17,31,0.8623,0.8621,57.7018187169552,42.298181283044805,200974868,9,2,5,6,4,-8,-16,-14,-17,-15,7583333,7466667,7350000,7000000,6942308,3623314,3579545,3546957,3138587,3128392,-13,-10,-9,-8,-15,-12,13,3,-2,7,14000000,10500000,9333333,8750000,8000000,7280000,4186498,3279817,3122807,3023066
10,28,1,0.86233,0.86217,0.86202,15,26,31,16,0.86231,0.86211,46.597198891361536,53.402801108638464,140794682,20,19,18,7,0,1,17,-5,-4,2,7583333,7225806,5777778,3716854,3533541,3491924,3333333,2945205,2841880,2773750,-10,-8,3,6,7,8,5,9,12,2,14000000,5666667,3280374,3277628,2922111,2832673,2795670,2594987,2572289,2432292
10,29,1,0.86244,0.86231,0.86217,14,29,27,13,0.86245,0.86227,56.46242131463442,43.53757868536558,147913623,11,19,-4,10,7,-5,9,21,1,0,3024510,3000000,2916435,2475728,2465686,2462145,2430233,2400000,2356272,2341788,-16,12,14,3,10,-6,-14,6,11,4,8000000,4585714,4270270,3151659,3075472,2988208,2916667,2822368,2790909,2756039
10,30,0,0.86256,0.86206,0.86231,-25,75,27,50,0.86251,0.86217,43.30685518384257,56.69314481615743,167428493,-39,-27,-14,-25,-15,-24,-23,-36,-35,-31,2357143,2321101,2239845,2198324,2170732,2124171,2074490,2062500,2062069,2032787,11,21,22,-1,12,14,3,20,19,6,2617232,2544379,2512605,2406250,2245024,2156559,2113953,2070039,2036913,2011787
10,31,1,0.86445,0.86419,0.86206,213,64,239,26,0.86373,0.86319,45.7526378770055,54.2473621229945,640184795,175,174,177,168,223,206,178,9,-11,-10,4000000,3666667,3250000,3000000,3000000,2333333,2333333,2077874,2044068,2035623,-17,200,183,-19,29,40,-5,-8,-15,-14,4638298,3000000,3000000,2930915,2316050,2204222,2192111,2122558,2069240,2036467
10,32,1,0.8644,0.86424,0.86419,5,45,47,16,0.8643,0.8641,50.64085182997489,49.35914817002511,340935361,51,50,-15,39,48,37,-17,32,34,-1,8904762,5069443,2906061,2684209,2597561,2575495,2544000,2531325,2505546,2487091,-26,-20,-23,20,15,-25,25,-2,-15,-13,7375000,3397661,3058824,2808152,2777287,2775000,2710417,2630939,2624836,2582721
10,33,0,0.86428,0.86414,0.86424,-10,32,43,14,0.86416,0.86396,46.85756397769658,53.14243602230342,283305370,51,49,-7,27,-8,25,40,14,-5,-6,8250000,7538462,3176871,3079268,3074830,2908213,2817734,2688073,2681319,2661074,-18,24,3,-15,31,8,18,35,6,13,6000000,2745333,2652070,2484615,2474114,2441550,2434599,2375814,2375325,2346698
10,34,0,0.86396,0.86375,0.86414,-39,64,18,21,0.86407,0.86387,51.71489397275332,48.28510602724669,262449520,14,16,-39,-20,4,-34,7,-32,-37,-30,7000000,7000000,3108696,2969466,2897436,2791971,2718310,2677966,2576923,2496933,-35,-9,10,-37,4,-32,-22,-24,-4,1,3541667,3243921,3231061,3150000,3119898,3053030,3017632,2984029,2965139,2870640
10,35,1,0.86423,0.86396,0.86375,21,31,48,27,0.86401,0.86384,48.66464441805125,51.33535558194875,235012647,44,43,35,-9,26,-6,-12,-5,34,5,7000000,4000000,3297297,2926606,2909884,2867961,2566038,2560036,2528302,2488342,-2,28,38,8,-1,44,0,41,3,40,6642857,2845122,2767857,2757716,2700000,2642857,2629032,2552326,2500000,2494845
10,36,0,0.86411,0.8639,0.86396,-6,39,24,21,0.86408,0.86389,46.39346663473272,53.60653336526728,195587044,23,21,-12,-17,-15,15,0,-19,-13,-10,10666667,4375000,2963048,2806452,2806397,2714046,2697170,2583333,2501471,2441558,-17,16,-16,-9,6,13,1,-4,-6,-10,6454545,2913402,2749000,2731585,2470736,2432605,2411978,2399812,2322695,2312734
10,37,0,0.86377,0.86366,0.8639,-24,62,6,11,0.86397,0.86377,51.3402264905786,48.6597735094214,297656443,19,13,18,16,-2,1,-34,-20,6,-1,8750000,8400000,7466667,7333333,3175596,3080513,3063604,2962536,2875817,2848837,-48,-45,-51,-43,2,4,0,-33,-18,-3,14000000,14000000,10500000,3600000,3568376,3540000,3075397,2882294,2865385,2817982
10,38,0,0.86379,0.86355,0.86366,-11,52,15,24,0.86384,0.86363,43.29582737539646,56.70417262460354,238141720,12,15,9,14,8,7,-20,-24,-10,-26,14000000,10500000,7000000,7000000,6833333,3529412,3063518,3042169,2899247,2855263,-27,-21,-28,-19,-13,-1,-6,4,5,6,10500000,7666667,7000000,4225806,2857866,2834547,2703348,2568813,2492550,2464844
10,39,1,0.86381,0.86365,0.86355,10,26,26,16,0.86373,0.86355,42.82592586659238,57.17407413340762,209237704,29,30,28,26,10,20,15,27,-2,25,14000000,10500000,7000000,7000000,2996058,2773034,2752128,2727273,2688218,2675676,-10,-9,6,1,12,2,16,-1,3,11,9333333,7100000,3040486,2901804,2709486,2511134,2506346,2472973,2402015,2373223
10,40,0,0.86378,0.86359,0.86365,-6,39,19,19,0.86379,0.86352,41.89404541477798,58.10595458522202,307481719,19,20,27,23,26,21,30,25,32,28,14000000,14000000,8750000,8750000,7777778,7777778,7636364,7466667,7000000,7000000,-20,-17,-18,-15,-19,-16,-13,-7,-14,-3,10500000,10500000,8000000,7583333,7466667,7304348,7000000,3301653,3083333,2958478
10,41,1,0.86383,0.86371,0.86359,12,50,24,12,0.8639,0.86371,43.66249877654367,56.33750122345633,314365533,30,40,37,39,38,17,-28,6,-22,-24,9333333,8166667,7000000,7000000,7000000,3391566,3141304,3108527,3027094,2810294,18,12,0,16,9,19,10,-5,-23,11,3462810,3346021,3137441,2940141,2868545,2865979,2803279,2768750,2724519,2696035
10,42,1,0.86387,0.86381,0.86371,10,30,16,6,0.86389,0.86367,52.72239557389226,47.27760442610774,171339887,27,30,11,13,6,4,17,3,8,0,9000000,5307692,2556213,2553915,2527632,2513386,2493443,2476232,2451069,2329545,-15,-20,-19,-3,12,8,6,-1,13,-2,9666667,8083333,7000000,2709821,2572635,2401861,2373670,2348057,2293893,2276178
10,43,0,0.86396,0.86381,0.86381,0,30,23,15,0.86392,0.86373,40.0159725851112,59.9840274148888,205557208,23,28,29,24,30,22,-6,6,8,0,14000000,10500000,9333333,7142857,7000000,3176471,2717241,2577236,2512234,2373381,-13,19,16,-9,11,-6,1,14,12,-1,4117647,2840278,2782258,2646341,2606635,2570000,2543367,2525556,2508257,2504298
10,44,1,0.86427,0.86407,0.86381,26,38,46,20,0.86417,0.86401,54.70697875722249,45.29302124277751,274277316,33,12,2,-7,-8,21,7,-9,8,32,5000000,3246144,3098700,3020174,2941038,2772727,2649303,2600163,2539715,2500000,-17,-18,-16,34,32,33,31,-13,18,22,11333333,9333333,7500000,4483871,3430380,3285714,2984848,2814622,2652574,2630208
10,45,0,0.8639,0.86371,0.86407,-36,62,19,19,0.86401,0.86383,47.10169827302944,52.89830172697056,296973273,18,17,-38,-25,-1,0,-32,-40,-8,-29,8000000,5000000,3696203,3389868,3125326,2907809,2872642,2788525,2746650,2730126,-30,-32,16,-29,-31,-14,-5,-17,15,-41,3878676,3512346,3250000,3172043,3127451,2985207,2953865,2942582,2918803,2833333
10,46,1,0.86403,0.86386,0.86371,15,33,32,17,0.86398,0.86377,46.47492846708066,53.52507153291934,221879313,32,29,35,30,-7,6,-5,5,14,15,14000000,7250000,7000000,4300000,2903153,2758857,2584249,2519819,2474545,2467500,-16,-11,-13,23,19,22,20,18,8,-2,9000000,4454545,3333333,3148148,3064644,2868644,2759516,2685661,2667638,2618310
10,47,1,0.86415,0.86399,0.86386,13,23,39,16,0.86399,0.86378,50.80519012299195,49.19480987700805,225867711,45,2,38,4,24,22,32,29,21,7,6400000,3085443,2962963,2929412,2916442,2708848,2630112,2600679,2597403,2531847,-7,-4,-6,26,36,30,33,35,8,12,7000000,5818182,5333333,2894837,2883425,2860412,2816949,2801775,2766169,2676471
10,48,0,0.8638,0.86363,0.86399,-36,57,14,17,0.86393,0.86374,43.98093033425806,56.01906966574194,260154324,16,17,15,12,-33,-32,-34,-5,-16,-35,14000000,7000000,5500000,3666667,3093284,2906250,2704545,2625313,2617089,2596591,0,-26,-11,-25,-15,3,-5,-10,-27,-28,3110092,2937500,2864286,2850962,2788557,2776364,2766094,2741259,2732456,2666667
10,49,0,0.86349,0.86341,0.86363,-22,64,10,8,0.86369,0.8635,52.52936638466968,47.47063361533032,364259684,22,19,26,24,17,6,-5,-6,11,-4,14000000,8750000,8000000,7000000,3666667,3288991,3187311,3116041,3061290,3001493,-56,-50,-51,-53,-48,-27,7,-16,-45,-11,14000000,14000000,10500000,8400000,7368421,3518310,3505376,3303493,3166667,3064912
10,50,1,0.86373,0.8636,0.86341,19,26,32,13,0.86366,0.86346,50.10855599292984,49.89144400707016,255339657,37,38,36,35,30,28,-1,20,13,-2,14000000,10500000,10500000,7777778,4833333,4705882,2968750,2964953,2888145,2879167,-10,-12,-9,-13,-11,-2,-4,-3,-5,13,14000000,10500000,8750000,7875000,7225806,3637026,3220472,2881877,2801205,2717349
10,51,1,0.86403,0.8639,0.8636,30,26,51,13,0.86384,0.86364,46.08955140303073,53.91044859696927,346161768,60,57,55,56,58,0,2,12,53,1,14000000,10500000,7875000,7000000,7000000,3376033,3031447,3018000,3000000,2951049,-13,-9,-11,-12,18,22,9,4,17,6,7000000,5857143,4333333,4000000,3685567,3469231,2817259,2810976,2803030,2734043
10,52,0,0.86383,0.86371,0.8639,-19,47,10,12,0.86395,0.86378,54.81241963066188,45.18758036933812,215806804,-13,-19,-20,-7,-22,-18,3,13,-16,-2,3299674,2912202,2817376,2779245,2768000,2689655,2682087,2600000,2571319,2560033,-35,-33,-32,9,-20,-31,5,6,-12,7,9000000,8166667,4500000,3612500,2987768,2904762,2769759,2750000,2728033,2660131
10,53,1,0.86386,0.86379,0.86371,8,26,15,7,0.86391,0.86369,51.74704973349386,48.25295026650614,230119465,22,24,23,25,19,20,18,21,0,3,10500000,9333333,7875000,7700000,7636364,7466667,7250000,7000000,3335227,2877837,-15,-14,-19,-12,-16,-13,-17,-18,0,2,14000000,14000000,8750000,8000000,7636364,7411765,7000000,7000000,2737414,2735931
10,54,0,0.86383,0.86372,0.86379,-7,42,9,11,0.86392,0.86371,43.745873855374576,56.254126144625424,257887531,15,21,23,20,18,16,22,13,11,12,10500000,10500000,10500000,9333333,8166667,7875000,7875000,7000000,3500000,3333333,-21,-26,-29,-28,-31,-23,-19,-4,-17,3,8000000,8000000,7777778,7500000,7466667,4200000,3184783,3017857,2946188,2688725
10,55,1,0.8639,0.86381,0.86372,9,29,18,9,0.86391,0.86372,50.14869104792359,49.85130895207641,244470333,29,27,28,25,22,24,21,-4,0,16,9333333,9333333,7000000,7000000,7000000,7000000,5294118,3360000,3008380,2875000,-20,-18,-16,-15,-13,-4,-14,6,5,0,15000000,14000000,14000000,10500000,3344828,3005435,3000000,2746537,2737723,2711485
10,56,0,0.8637,0.86361,0.86381,-20,41,5,9,0.86383,0.86366,45.44520039417379,54.55479960582621,211865940,14,11,15,12,1,-20,-15,-18,-10,-4,10500000,8000000,7000000,7000000,3402027,3340164,3218750,3112903,3087855,3045946,-32,-2,-28,-20,-3,-21,-5,-18,-29,-16,8750000,3671053,3380952,3196000,3127119,3115819,2931122,2874060,2857143,2846491
10,57,1,0.86383,0.8637,0.86361,9,35,24,13,0.86381,0.86361,47.26933574635466,52.73066425364534,270326661,30,29,28,26,32,31,13,15,-2,-5,10500000,8750000,8166667,7000000,7000000,7000000,3125561,3078205,2941983,2915789,-20,-18,-17,-15,-14,-13,16,-12,2,3,8000000,7000000,6000000,4900000,4250000,3640000,3165414,3050000,2893029,2852298
10,58,1,0.86399,0.86382,0.8637,12,34,29,17,0.86396,0.86377,50.95971438516767,49.04028561483233,251945739,24,18,27,20,25,8,-5,10,-7,9,10500000,10500000,8166667,8000000,7437500,3561798,3539054,3444399,3421004,3289941,-16,-17,-14,-12,17,-11,16,12,18,9,10500000,7875000,7466667,7233333,5119454,4300000,3864198,3570681,3554502,3527419
10,59,0,0.86395,0.86381,0.86382,-1,44,13,14,0.86405,0.86384,44.49165192404775,55.50834807595225,287253915,13,16,19,10,12,14,11,18,17,-19,14000000,9333333,8750000,8166667,8166667,7466667,7100000,7000000,7000000,3331034,-26,-27,-30,-28,-25,-23,-16,4,-13,-14,9333333,8400000,8000000,7304348,5769231,3467742,3323322,3285340,3188063,3179089
11,0,0,0.86391,0.86376,0.86381,-5,32,24,15,0.86387,0.86369,52.50744755020584,47.49255244979416,273314371,31,24,29,23,28,-8,14,-9,-5,-6,10500000,7875000,7538462,7388889,7000000,4291139,3640921,3569231,3470976,3154514,-13,-14,-12,-15,-11,-17,-10,4,3,19,9333333,8750000,7466667,7388889,7333333,7000000,5567568,3511144,3380882,3305164
11,1,0,0.86371,0.86352,0.86376,-24,65,9,19,0.86383,0.86363,53.58665604854861,46.41334395145139,237701884,8,4,5,2,-25,-24,-26,-10,-27,-20,14000000,5636364,5142857,3684211,3582474,3313747,3268072,3189266,3145349,3102041,-30,-29,-28,7,-24,-25,4,-16,-11,-1,7583333,7437500,7280000,3967742,3950000,3842105,3620968,3491182,3393738,3387795
11,2,1,0.8637,0.86357,0.86352,5,38,18,13,0.86377,0.86355,50.01355438270217,49.98644561729783,223204558,21,16,18,12,13,17,11,10,-9,-8,9333333,8750000,8000000,7700000,7350000,7000000,5809524,3825000,3583062,3366947,-21,-19,-20,-22,-25,-17,-14,-15,1,6,10500000,9333333,8166667,8000000,7000000,7000000,3882353,3703704,3494709,3370370
11,3,1,0.86368,0.86359,0.86357,2,33,11,9,0.86377,0.86355,50.88933302993525,49.11066697006475,224857498,22,19,17,20,18,12,15,-5,-1,-4,14000000,8000000,7777778,7700000,7636364,7500000,7142857,3464143,3234628,3112676,-23,-21,-22,-18,-24,-19,-17,-2,-1,-16,10500000,10500000,9333333,9333333,8750000,7179487,4148148,3633010,3466981,3428571
11,4,1,0.86382,0.86375,0.86359,16,30,26,7,0.86377,0.86357,48.35387844038954,51.64612155961046,313410876,37,41,36,43,35,38,0,-2,2,6,14000000,9333333,8400000,8000000,7000000,7000000,4474026,4089744,4012821,3784946,-23,-20,-17,-15,-18,5,23,0,21,-1,14000000,8750000,7875000,7777778,7466667,4654167,4307229,3903448,3779352,3586111
11,5,0,0.86371,0.86354,0.86375,-21,41,11,17,0.86377,0.8636,40.50334805481391,59.49665194518609,227221937,14,16,12,9,8,4,-21,11,-20,-22,14000000,10500000,7636364,7200000,5589744,4600000,4296875,4250000,3848837,3441860,-24,6,1,-18,0,-14,-5,8,5,-19,7000000,4809816,3913208,3480769,3417969,3304348,3148750,3088889,3078014,3022727
11,6,0,0.86349,0.86339,0.86354,-15,50,8,10,0.86365,0.86346,52.73951366213254,47.26048633786746,263822393,19,17,9,-2,-18,-28,-3,-6,-23,-16,14000000,7000000,4274510,3108527,2930586,2890909,2826149,2804924,2716700,2689588,-39,-38,-40,-35,-34,-3,-32,4,-20,3,8400000,7076923,7000000,6256410,4658228,3852362,3406000,3282609,3138192,3100000
11,7,1,0.86354,0.86342,0.86339,3,43,15,12,0.86364,0.86343,55.83688890894246,44.16311109105754,273267990,18,20,16,13,17,-14,-15,10,-16,-5,14000000,9333333,9333333,7125000,7000000,3341246,2891753,2775281,2696565,2681250,-28,-25,-31,-29,-30,-27,-26,-23,-13,4,14000000,14000000,9333333,7437500,7291667,7000000,6875000,6125000,3277851,3036822
11,8,1,0.86356,0.86343,0.86342,1,37,14,13,0.86362,0.86342,50.453119479961664,49.546880520038336,243643575,18,16,21,15,13,17,12,-2,-8,-9,14000000,10500000,10500000,7538462,7350000,7000000,3750000,3021258,2814490,2745681,-24,-22,-23,-21,-18,-20,-16,-15,-2,-1,10500000,8750000,7875000,7875000,7636364,7388889,3578947,3507463,3329811,3148601
11,9,0,0.86345,0.86327,0.86343,-16,48,5,18,0.86357,0.86337,57.878541093312485,42.12145890668752,219070159,6,1,5,4,0,3,-16,2,-15,-11,8000000,7875000,7000000,5760000,2913043,2750000,2729749,2722222,2706204,2694332,-27,-30,-25,-24,-26,-21,-29,-5,-2,-4,14000000,10500000,10500000,8400000,8000000,7368421,7000000,2950413,2915015,2895297
11,10,1,0.8636,0.86354,0.86327,27,38,33,6,0.86362,0.86342,49.80368542305258,50.19631457694742,290508738,35,38,41,36,33,20,34,19,-11,15,8000000,7333333,7000000,7000000,4604651,3379693,3214286,3167464,2920134,2908133,-32,-30,-24,-25,-27,-23,0,-2,-3,17,9333333,7000000,5750000,5222222,4500000,3181818,2953401,2853521,2799308,2774098
11,11,1,0.86378,0.86358,0.86354,4,26,28,20,0.86366,0.86347,51.16277836717539,48.83722163282461,219157844,25,24,28,23,-1,7,21,0,1,-3,10500000,9333333,8000000,7318182,3632184,3620192,3416667,3210227,3172131,3020000,1,-1,-6,-5,4,-3,18,20,17,19,14000000,14000000,7875000,7000000,4409574,4370370,3436464,3058786,2954727,2805202
11,12,0,0.86369,0.86356,0.86358,-2,28,11,13,0.8637,0.86352,49.02292299537474,50.97707700462526,168647506,12,16,13,18,10,-1,-2,1,-3,0,14000000,8400000,7875000,7700000,3619403,3100494,3064983,2960284,2649573,2627481,-15,-12,-11,-10,-13,1,3,2,-1,0,8166667,7500000,7500000,7437500,7000000,3081529,2896402,2706349,2575104,2548620
11,13,1,0.86384,0.86371,0.86356,15,34,28,13,0.86384,0.86369,57.831704199686605,42.1682958003134,186024333,-9,9,-6,-8,-10,11,-11,15,1,10,3166667,3070423,2890020,2768354,2766304,2671614,2632576,2629032,2625000,2600515,-19,-21,-17,-18,12,8,13,6,-15,14,9333333,7875000,5400000,4000000,3421512,2977433,2965190,2953947,2913978,2536424
11,14,1,0.8639,0.86383,0.86371,12,28,19,7,0.86395,0.86378,45.81772360390348,54.18227639609652,183480652,25,19,23,-8,-4,21,3,-5,7,6,9333333,8166667,7538462,3736486,3381988,2947368,2902736,2836957,2788014,2783128,-21,-9,-16,-20,-12,4,-11,0,3,5,10500000,3304721,3175676,3166667,2954315,2928172,2915033,2840555,2791209,2776163
11,15,1,0.86398,0.86387,0.86383,4,29,15,11,0.864,0.8638,47.635662438851554,52.364337561148446,188655443,23,19,20,22,12,-5,-1,-2,-6,7,14000000,10000000,7583333,7000000,3047945,2987013,2884232,2794747,2721354,2659366,-18,-15,-17,6,-13,-2,-1,3,7,-4,14000000,8750000,3714286,3217082,3066667,3003566,2990090,2975057,2787770,2777182
11,16,1,0.86403,0.8639,0.86387,3,32,16,13,0.86404,0.86384,53.29740815214506,46.70259184785494,209004745,24,15,21,22,20,10,-1,16,0,-2,14000000,7000000,7000000,7000000,7000000,3429204,3170068,3000000,2911145,2901581,-18,-9,-16,-13,-19,-12,-10,-11,3,5,9333333,8750000,8400000,8000000,8000000,7875000,7777778,4280702,3315166,3171196
11,17,0,0.86403,0.86388,0.8639,-2,34,13,15,0.86407,0.86386,48.02169351559613,51.97830648440387,201587243,16,12,13,14,17,11,10,-3,-1,-2,14000000,14000000,9333333,7700000,7000000,7000000,4800000,3140711,2967878,2722519,-19,-13,-18,-16,-14,-12,1,3,0,2,14000000,9333333,9333333,7875000,7777778,7000000,2788267,2767529,2740042,2654800
11,18,1,0.86404,0.86391,0.86388,3,28,31,13,0.86394,0.86374,47.93376997872184,52.066230021278166,284242095,34,39,40,36,37,42,38,0,12,4,10500000,9333333,7777778,7437500,7350000,7000000,7000000,3506098,3227455,3222581,-12,-15,-7,-9,-14,-5,-1,-3,-2,9,10500000,9333333,8166667,7000000,7000000,4500000,4072368,3228571,3163265,2957831
11,19,1,0.8641,0.86401,0.86391,10,22,19,9,0.86409,0.8639,44.506551341907205,55.4934486580928,193208814,20,23,26,22,24,27,1,19,4,9,9333333,8750000,7636364,7225806,7205882,7000000,3343602,3148148,3143927,3113487,-10,-9,-11,-13,-6,0,4,3,10,-8,8166667,7583333,7437500,7280000,4512821,3114483,2893275,2840155,2791825,2746667
11,20,0,0.86399,0.8639,0.86401,-11,38,19,9,0.86403,0.86386,46.8002356266136,53.1997643733864,262926157,29,26,28,30,5,-10,16,-11,12,14,14000000,8400000,8400000,8400000,3299769,3230488,2993363,2946667,2929217,2916918,-28,-29,-11,13,3,-12,10,2,1,15,14000000,10500000,3622881,3145329,2996575,2861111,2837879,2811623,2786611,2778443
11,21,0,0.86399,0.86389,0.8639,-1,29,9,10,0.86404,0.86384,46.9306626844029,53.0693373155971,181923325,16,20,18,17,13,15,-1,2,3,1,10500000,10500000,8000000,7583333,7000000,4333333,2770248,2656768,2629223,2594958,-17,-13,-14,-19,-15,-1,-16,-2,3,-6,8400000,7000000,7000000,7000000,5157895,3433351,3333333,2825735,2773292,2686050
11,22,1,0.86409,0.86396,0.86389,7,25,21,13,0.86404,0.86382,50.37169420463722,49.62830579536278,253370644,29,30,28,26,23,25,32,11,6,0,14000000,10500000,10500000,10500000,8000000,7304348,7000000,3207237,3093786,3011765,-12,-5,-8,-10,-9,-7,-4,-6,16,8,14000000,9333333,9333333,8166667,7583333,7411765,7000000,4769231,3223048,3169255
11,23,0,0.86406,0.86392,0.86396,-4,32,12,14,0.86409,0.86386,45.60514084950946,54.39485915049054,239821531,19,21,22,16,20,18,17,23,15,-3,14000000,9333333,9333333,8166667,7875000,7777778,7125000,7000000,6451613,3338996,-15,-18,-17,-14,-16,-12,-13,10,7,0,8400000,8166667,7636364,7500000,7291667,7000000,5777778,3603571,3473485,3238961
11,24,0,0.86399,0.86382,0.86392,-10,44,10,17,0.86406,0.86385,53.42722385884632,46.57277614115368,234631697,15,16,13,18,-15,8,-14,-10,-13,-17,10500000,8400000,7000000,7000000,4206422,3945946,3651940,3535211,3184211,3056180,-26,-27,-24,-21,-25,-22,-6,2,3,-11,14000000,10500000,9333333,9333333,7636364,7000000,3074241,3054455,3027157,2916256
11,25,1,0.86394,0.86387,0.86382,5,32,12,7,0.86404,0.86382,53.77713890353087,46.22286109646913,185129808,18,17,16,15,14,12,-5,-3,-1,1,8750000,8400000,7636364,7583333,7250000,3789474,3050000,2948819,2898223,2861890,-25,-22,-18,-20,-23,-24,-1,0,-4,-2,10500000,8400000,8166667,8000000,7437500,7000000,3282353,3204828,3092879,3067201
11,26,1,0.86408,0.86388,0.86387,1,34,21,20,0.86403,0.8638,45.4048953143512,54.5951046856488,256819013,20,19,22,23,24,21,26,25,-5,2,14000000,14000000,10500000,8750000,7636364,7466667,7388889,7000000,3207627,3014908,-8,-11,-14,-6,-5,-3,18,19,-2,-4,10500000,9333333,8400000,7777778,7000000,6583333,4373031,3576590,3492424,3375000
11,27,0,0.86398,0.86385,0.86388,-3,39,18,13,0.864,0.8638,50.39480748974223,49.60519251025777,248248330,29,27,24,22,26,21,7,6,-6,-7,9333333,8166667,7388889,7000000,7000000,7000000,3227160,3198357,3062691,2998227,-26,-24,-21,-16,-18,-23,10,11,8,1,9333333,8750000,7636364,7437500,7000000,7000000,3352785,3143875,3032934,2955357
11,28,0,0.86395,0.86377,0.86385,-8,37,17,18,0.86395,0.86373,45.7939829901044,54.2060170098956,257183589,21,22,18,20,16,13,23,17,-9,-3,14000000,10500000,8750000,8166667,7437500,7388889,7000000,7000000,3566540,3429847,-12,-11,-17,-19,-14,-16,11,4,5,1,10500000,8750000,8400000,8166667,7636364,7500000,3609718,2948878,2869632,2851136
11,29,0,0.86384,0.86364,0.86377,-13,40,11,20,0.86387,0.86368,45.63162024974847,54.36837975025153,184540149,12,9,11,10,-13,-5,-16,-4,-2,-15,14000000,9333333,7538462,7189189,3422118,3375415,3337963,3304000,3299145,3223404,-20,-18,5,-4,-1,8,-3,6,4,-11,14000000,8400000,3964730,3171788,3083491,2960396,2927252,2828194,2776650,2768293
11,30,1,0.8639,0.86382,0.86364,18,26,26,8,0.86391,0.8637,54.73230061386574,45.26769938613426,250186304,25,26,27,24,23,28,2,1,3,10,7636364,7466667,7437500,7411765,7200000,7000000,4015896,3805281,3774834,3359447,-13,-17,-11,-18,-14,-15,-16,10,-1,11,14000000,14000000,8400000,7875000,7636364,7304348,7184211,3699170,3536011,3478495
11,31,1,0.86402,0.86392,0.86382,10,28,20,10,0.86402,0.86383,49.4419391702152,50.5580608297848,263523602,27,26,28,25,22,23,-4,-3,3,2,14000000,14000000,8400000,7636364,4454545,4000000,3689119,3489583,3474740,3465863,-17,-16,-18,-15,-13,-12,-14,13,9,11,7636364,7291667,7000000,6437500,6033020,4736842,4648400,4322165,4198556,4000000
11,32,0,0.86398,0.86378,0.86392,-14,45,10,20,0.86405,0.86384,49.18428127420072,50.81571872579928,291797825,13,4,8,11,9,10,12,6,-21,-4,8400000,8166667,8166667,8000000,7777778,7437500,7437500,5777778,4145455,4091093,-22,-25,-21,-20,-23,-19,-18,-6,-5,-4,14000000,14000000,8000000,7875000,7500000,5975000,5345133,4156375,4132058,3997070
11,33,1,0.86402,0.86384,0.86378,6,31,24,18,0.86398,0.86377,51.30288918065611,48.69711081934389,254105917,18,21,24,19,22,20,-2,-3,15,-6,8750000,8166667,7875000,7583333,7259259,7122807,3869707,3804498,3717647,3695946,-12,-11,-13,-7,-9,-8,-4,18,-6,13,8400000,8166667,8000000,7411765,7291667,7280000,5948718,4129630,4055556,3964235
11,34,0,0.86387,0.86369,0.86384,-15,45,6,18,0.86397,0.86375,59.12429119117126,40.87570880882874,273127594,12,4,3,7,5,11,2,-1,-14,1,9333333,7466667,7368421,7233333,7155556,7000000,4723404,4300000,3789835,3718750,-21,-25,-19,-18,-27,-20,-26,-24,-23,-22,14000000,14000000,14000000,10500000,8000000,7875000,7583333,7466667,7233333,7205882
11,35,1,0.86385,0.86371,0.86369,2,32,16,14,0.86389,0.86368,48.64539715108424,51.35460284891576,185713178,14,11,13,16,17,8,-3,1,-4,-1,14000000,10500000,9333333,9333333,9333333,4000000,3248428,3163317,3014986,2998584,-13,-14,-16,-17,-18,1,2,0,3,-2,14000000,9333333,9333333,7583333,7000000,3229039,2922043,2713619,2640351,2612293
11,36,1,0.86393,0.86372,0.86371,1,34,22,21,0.86388,0.8637,40.335751252770464,59.664248747229536,186676057,15,18,12,14,10,16,-4,-6,-5,-7,14000000,14000000,10500000,8166667,7777778,7000000,3271293,3013636,2970085,2966667,-13,-11,-5,6,10,7,9,11,12,3,14000000,8400000,3714286,3192483,2928854,2773504,2750890,2714602,2703209,2541270
11,37,0,0.8639,0.86368,0.86372,-4,39,18,22,0.8639,0.8637,49.542999392047264,50.457000607952736,201147216,12,7,11,10,9,8,-9,-7,-8,-6,14000000,9333333,8400000,7777778,7388889,7000000,3145291,2805864,2699643,2620130,-17,-15,-12,-16,-14,-9,3,2,9,8,14000000,9333333,8750000,8166667,7350000,5500000,3086060,2929272,2671779,2668269
11,38,1,0.86396,0.86383,0.86368,15,26,28,13,0.86394,0.86373,51.40757368954551,48.59242631045449,181430146,23,27,22,20,24,7,5,6,8,4,14000000,10500000,7538462,7437500,7304348,2996748,2979968,2766204,2625433,2583184,-12,-13,-9,-10,-8,-11,-6,1,8,6,8000000,7466667,7368421,7212121,7114754,7092105,7000000,3586364,3103380,3022651
11,39,1,0.86398,0.86386,0.86383,3,27,15,12,0.864,0.8638,51.87053721480811,48.12946278519189,203173290,22,20,19,17,15,16,-2,3,4,5,10500000,9333333,7000000,7000000,7000000,5000000,3364530,3040756,2708999,2696403,-9,-13,-10,-12,-15,-11,-14,6,1,5,10500000,8000000,7777778,7437500,7318182,7162791,7159091,3498771,3490196,3253295
11,40,1,0.86436,0.86414,0.86386,28,30,50,22,0.86417,0.86397,49.48975049749643,50.51024950250357,314653516,44,40,45,47,42,31,25,10,-5,26,8166667,7636364,7388889,7000000,7000000,3957547,3358974,3304268,3278302,3161574,-8,-6,-5,42,8,21,27,31,41,6,7636364,7000000,7000000,4006757,3978030,3570909,3472973,3363580,3343373,3262658
11,41,0,0.86421,0.86394,0.86414,-20,50,21,27,0.86421,0.86403,49.02763077321736,50.97236922678264,266339054,11,12,15,8,10,1,-8,2,-23,-2,9333333,8000000,7368421,7000000,7000000,3400485,3370504,3353448,3348066,3332558,-23,-20,-18,-17,19,13,-8,0,18,-3,8000000,7000000,7000000,5388889,3905882,3586022,3310268,3196237,3154762,3059242
11,42,1,0.86425,0.86411,0.86394,17,28,31,14,0.8642,0.864,52.60150168352199,47.39849831647801,223838775,23,25,26,28,27,0,3,9,8,13,10500000,8166667,7437500,7368421,7175000,3595745,3264085,3180299,3066406,3063462,-10,-11,-5,-9,-6,-14,4,15,5,17,10500000,9333333,7875000,7583333,7500000,7388889,3746667,3373798,3192623,3121359
11,43,1,0.86435,0.86417,0.86411,6,25,24,18,0.86428,0.86408,48.33764593948124,51.66235406051876,207040701,24,25,21,23,4,-2,11,0,-1,16,14000000,14000000,9333333,7777778,3337638,3173077,2981013,2977444,2858108,2857143,-3,-4,-6,-5,-7,1,-1,17,18,16,8000000,7291667,7000000,7000000,7000000,5083333,4400000,3600000,3514019,3430818
11,44,1,0.86436,0.8642,0.86417,3,30,19,16,0.86435,0.86417,60.285580035206905,39.714419964793095,178857531,21,14,-1,-2,-4,-5,11,10,9,0,8166667,3555556,3489726,3236979,3172632,3075497,2950000,2882353,2840206,2821429,-11,-13,-9,-8,-12,-14,-10,13,9,-7,7350000,7350000,7106061,7000000,7000000,7000000,5642857,3928571,3870879,3446809
11,45,0,0.86411,0.86395,0.8642,-25,55,5,16,0.86426,0.8641,47.89616351225298,52.10383648774702,243205260,4,3,7,2,-30,-28,-23,-13,1,-31,7076923,7066667,7000000,6521739,4404762,4045455,3947514,3898190,3562500,3513514,-37,-39,-34,-23,-6,-5,0,-18,1,-7,8400000,7700000,7000000,4107759,3621951,3429348,3386364,3261290,3140625,3124506
11,46,0,0.86403,0.86381,0.86395,-14,44,12,22,0.86407,0.86386,45.56277529782772,54.43722470217228,220036017,13,5,12,10,7,9,-16,-6,-17,-14,9333333,8750000,8000000,7875000,7304348,7000000,4462857,3661631,3323333,3319444,-20,-19,-18,-22,6,5,-6,-5,7,9,10500000,8000000,7777778,7000000,4018836,3364726,3346296,3176923,2706478,2677686
11,47,1,0.86401,0.86389,0.86381,8,37,20,12,0.86407,0.86385,44.04601517637968,55.95398482362032,261852305,19,20,13,17,16,18,15,22,21,11,8400000,8166667,7636364,7437500,7411765,7212121,7034483,7000000,7000000,5291667,-22,-21,-23,-25,-18,-15,1,2,0,-1,14000000,8000000,7777778,7233333,7083333,3983871,3812030,3638681,3367363,3337815
11,48,0,0.86397,0.86378,0.86389,-11,40,10,19,0.86402,0.86381,48.078195869023055,51.92180413097695,221478554,10,8,5,6,9,11,7,-15,-13,-4,8400000,7777778,7466667,7411765,7218750,7000000,5181818,4472050,4106335,4008443,-18,-21,-16,-19,-15,4,6,1,-7,3,14000000,7700000,7583333,7205882,4166667,3965116,3344737,3273713,3227273,3143427
11,49,1,0.86407,0.86389,0.86378,11,32,29,18,0.86406,0.86387,53.34387038909705,46.65612961090295,199333354,13,16,14,11,12,-1,-7,-2,-3,-6,10500000,7875000,7291667,6523810,5055556,3890220,3835526,3282524,3281638,3079439,-13,-14,-12,-11,-9,-8,6,5,-7,10,14000000,10500000,8400000,7636364,7102941,5166667,3731129,3471190,3185185,3065445
11,50,0,0.86396,0.86389,0.86389,0,25,9,7,0.864,0.86379,56.148572729173296,43.851427270826704,220135446,18,22,20,19,17,21,16,4,1,2,8000000,7700000,7304348,7212121,7205882,7000000,4452381,3691949,3621250,3512218,-18,-14,-16,-11,-13,-17,-15,-10,-12,3,14000000,14000000,8750000,8000000,7538462,7466667,7159091,6560000,4787234,3384677
11,51,0,0.8641,0.86378,0.86389,-11,53,21,32,0.86409,0.8639,48.2854097737031,51.7145902262969,236502048,3,-1,2,-3,4,0,-22,-26,-24,-16,8400000,8166667,8000000,7777778,7225806,6166667,3711806,3698413,3608333,3603614,-21,-16,-18,-14,-11,12,13,10,-8,5,10500000,8166667,7777778,7500000,4741935,3935294,3874396,3733209,3731183,3298929
11,52,1,0.86404,0.86393,0.86378,15,38,26,11,0.86413,0.86392,53.07280024384436,46.927199756155645,208752831,10,14,16,15,17,-8,9,-9,-5,-6,7777778,7583333,7437500,7269231,7095890,4494297,4037736,3716837,3659021,3508993,-23,-27,-25,-24,-18,-20,-17,-2,0,-9,10500000,9333333,8166667,8166667,8000000,7212121,5528090,3729490,3549757,3419414
11,53,1,0.86417,0.86396,0.86393,3,37,24,21,0.86414,0.86394,47.72038380998669,52.27961619001331,237172776,18,10,19,20,17,14,-10,-7,-9,-6,10500000,10500000,9333333,7875000,7875000,7466667,4333333,3736508,3692308,3638225,-10,-9,-11,-16,-13,-4,11,-7,4,15,10500000,7636364,7148936,7000000,7000000,4590909,4234957,4000000,3921788,3886555
11,54,1,0.86404,0.86397,0.86396,1,36,8,7,0.86414,0.86396,53.00886775158804,46.991132248411965,203265730,16,15,-12,-11,-8,-9,13,-10,0,-7,10500000,8750000,4615044,4053968,3963390,3580258,3526316,3524590,3447917,3424820,-23,-27,-29,-24,-3,-10,0,2,-13,-2,14000000,9333333,7437500,7250000,4252551,3976449,3663102,3607477,3329218,3231076
11,55,0,0.86394,0.86384,0.86397,-13,34,4,10,0.86403,0.86383,39.55331387899732,60.44668612100268,233069207,14,12,15,17,10,16,18,20,-11,-7,14000000,8166667,8166667,8166667,7166667,7000000,7000000,7000000,4691176,4153846,-24,-20,-23,-19,1,-17,-5,-2,-4,-3,10500000,7538462,7000000,4727273,4147541,3785714,3727669,3323729,3312354,3228814
11,56,0,0.86376,0.86366,0.86384,-18,45,6,10,0.8639,0.86369,53.09521847097582,46.90478152902418,281090336,19,20,9,12,11,2,6,-14,-16,4,14000000,10500000,8750000,7700000,7200000,5157895,3870968,3741979,3612760,3607143,-29,-31,-30,-32,-33,-35,-28,-34,3,1,14000000,9333333,9333333,8400000,8000000,7875000,7700000,7000000,4105263,3383721
11,57,0,0.86376,0.86366,0.86366,0,35,10,10,0.86384,0.86362,54.61178496941423,45.38821503058577,267688077,16,15,19,13,17,14,12,21,-4,-3,14000000,8400000,8400000,8166667,7875000,7152174,7148936,7000000,4096154,3752698,-22,-19,-13,-18,-20,-25,-16,-17,-21,-23,14000000,14000000,10500000,10500000,9333333,8750000,8400000,7875000,7500000,7437500
11,58,0,0.86365,0.86354,0.86366,-12,39,14,11,0.8637,0.86351,40.06471524772429,59.93528475227571,295811894,26,25,23,22,24,17,20,19,-12,-6,14000000,14000000,14000000,14000000,8750000,8400000,8000000,7466667,4598039,4413876,-27,-28,-21,-23,-22,-12,7,-14,-16,8,8000000,7777778,7700000,7000000,7000000,3509259,3250696,3200000,3105263,2994286
11,59,0,0.86368,0.86352,0.86354,-2,37,14,16,0.86373,0.86352,50.45329800410795,49.54670199589205,240203021,9,11,10,12,7,15,8,6,5,-9,14000000,10500000,8166667,7466667,7086957,7000000,7000000,6560000,3881579,3767416,-14,-18,-21,-17,-19,-16,-1,-5,2,3,14000000,14000000,14000000,14000000,9333333,7225806,2840164,2824731,2744819,2734957
12,0,1,0.86373,0.8636,0.86352,8,26,21,13,0.86373,0.86352,48.23680759808604,51.76319240191396,185175055,18,19,16,14,20,15,17,2,4,1,10500000,8400000,8000000,7700000,7318182,7269231,7259259,3827869,3506772,3339607,-13,-10,-9,-8,-11,-5,-7,-6,5,6,8750000,7875000,7700000,7583333,7241379,4250000,3600000,3323529,3182081,3123278
12,1,0,0.86367,0.86356,0.8636,-4,35,7,11,0.86375,0.86355,41.91515869785224,58.084841302147765,214623415,13,14,17,10,11,16,15,12,-12,1,10500000,10500000,8750000,8166667,8166667,7875000,7000000,7000000,3422078,3143946,-24,-23,-22,-14,-19,-13,3,-18,-1,-17,7700000,7388889,7000000,3274401,3176471,3135135,3134146,3066667,3033623,3000000
12,2,1,0.86371,0.86361,0.86356,5,31,15,10,0.86373,0.86352,46.10009571794553,53.89990428205447,223671746,18,20,22,21,19,24,17,16,14,-2,10500000,9333333,8750000,8000000,7875000,7466667,7062500,7000000,5500000,3246032,-13,-12,-21,-16,-11,-10,-19,5,6,4,9333333,7875000,7777778,7700000,7583333,7350000,7280000,3749503,3395411,3349890
12,3,0,0.86361,0.86351,0.86361,-10,41,3,10,0.86374,0.86352,60.770809687609,39.229190312391,246748274,12,17,15,10,9,-2,-10,-7,-4,-12,9333333,8166667,7636364,7500000,7000000,3839897,3608025,3289634,3181015,3138889,-20,-31,-28,-24,-23,-25,-29,-26,-21,-22,14000000,10500000,10500000,9333333,9333333,9333333,8400000,8400000,7777778,7000000
12,4,1,0.86361,0.86353,0.86351,2,27,10,8,0.86364,0.86345,51.02564788833797,48.97435211166204,136897664,23,19,21,5,3,1,2,4,0,6,14000000,7583333,7318182,4220339,3758907,3488281,3478477,3129540,2710843,2114634,-14,-16,-17,-19,1,0,4,2,3,-1,7777778,7636364,7388889,7318182,3908708,3304924,3258696,3248011,3235905,2466762
12,5,0,0.86358,0.86351,0.86353,-2,32,5,7,0.86368,0.86347,51.71352354254277,48.286476457457226,176831536,14,18,16,19,17,0,-4,-5,-1,1,8400000,8400000,7636364,7538462,7500000,4445205,4147260,3847826,3786432,3514963,-21,-20,-22,-25,-19,-1,-3,0,-6,-2,14000000,14000000,7777778,7000000,6568182,3494609,3482036,3241525,3178571,3167590
12,6,1,0.86358,0.86352,0.86351,1,31,7,6,0.86364,0.86345,43.69408556331409,56.30591443668591,165511705,16,18,20,17,19,14,1,15,-1,2,9333333,8000000,7777778,7411765,7205882,7000000,4702731,4500000,3887427,3275330,-20,-22,-19,-25,-1,0,-3,-2,-14,-8,8400000,7875000,7175000,7000000,3655556,3274744,3210074,3058824,3000000,2903509
12,7,1,0.86363,0.86354,0.86352,2,25,16,9,0.86363,0.86342,48.8324109930122,51.16758900698781,266390826,32,25,27,30,22,23,20,26,21,19,14000000,10500000,8166667,7700000,7636364,7500000,7388889,7333333,6058824,3777778,-15,-16,-14,-9,-13,-11,-12,-10,12,-6,10500000,9333333,8166667,7583333,7538462,7285714,7000000,6615385,4510000,3450000
12,8,0,0.8637,0.86353,0.86354,-1,28,16,17,0.86369,0.8635,43.98632394553755,56.01367605446245,170178322,15,13,14,11,9,10,-2,0,1,-4,14000000,10500000,9333333,7388889,7000000,4666667,3674020,3528037,3057312,3036232,-7,-9,-11,-10,5,3,0,4,6,7,8400000,8000000,7466667,7000000,3200000,3109504,3076355,2845992,2793173,2595694
12,9,1,0.86365,0.86355,0.86353,2,28,12,10,0.86368,0.8635,55.81246718141721,44.18753281858279,203219470,16,20,17,15,2,0,-3,1,-4,13,14000000,8166667,8000000,7388889,3535971,3501425,3463303,3134409,3120690,3100000,-11,-13,-16,-18,-14,-12,3,1,0,4,14000000,14000000,14000000,10500000,8166667,7142857,3253239,3025741,3025641,3015564
12,10,0,0.86365,0.86355,0.86355,0,26,10,10,0.86368,0.8635,41.90974949165015,58.09025050834985,184455648,16,19,17,15,13,18,0,-1,-5,-6,14000000,10500000,8750000,7333333,7092105,7000000,4070016,3993939,3878571,3714286,-15,-14,-16,1,0,-12,-1,2,-2,-6,14000000,7875000,7636364,3783500,3501896,3350000,2791502,2717255,2603905,2527668
12,11,0,0.86364,0.86348,0.86355,-7,31,15,16,0.86363,0.86345,48.31097293189859,51.68902706810141,216458994,17,16,15,13,18,-5,-6,-1,4,-3,14000000,14000000,7875000,7411765,7137255,4527228,3894040,3704947,3557307,3493023,-15,-14,-8,-13,-10,-11,9,5,10,3,10500000,9333333,8750000,7875000,7500000,7000000,3007905,2995261,2950000,2907205
12,12,1,0.86371,0.86355,0.86348,7,47,23,16,0.86369,0.86347,52.88725618723906,47.11274381276094,201844593,24,25,23,-1,15,0,13,-3,9,10,14000000,7466667,7000000,4820183,4520202,4092279,3565789,3333333,3223757,3132701,-6,-8,-10,-9,-5,11,7,17,16,6,9333333,7269231,7241379,7000000,4777778,3697279,3525000,3466102,3411765,3351967
12,13,0,0.86358,0.8633,0.86355,-25,56,11,28,0.86363,0.86343,41.43368891348072,58.566311086519285,223264808,4,3,2,-4,0,-1,1,-3,-26,-24,14000000,7700000,7636364,7538462,7155556,7058824,7000000,5357143,3712766,3660000,-21,-14,-19,-10,-9,5,4,7,0,3,9000000,6363636,5937500,4214286,3625954,3228383,3178201,3019868,2996469,2985156
12,14,1,0.86345,0.86335,0.8633,5,34,15,10,0.86352,0.86335,49.23028088016597,50.76971911983403,184404085,10,13,12,14,7,-11,0,-4,-1,-6,8750000,7875000,7583333,7333333,6333333,4333333,3962926,3636594,3632087,3547170,-24,-23,-22,-18,-15,-17,-2,-5,1,0,14000000,8750000,7500000,7000000,3746835,3725490,3587332,3292105,3288952,3172967
12,15,1,0.86351,0.8634,0.86335,5,28,16,11,0.86352,0.8633,50.78287406928128,49.21712593071872,251760542,19,17,25,22,21,20,23,18,16,4,14000000,10500000,8750000,8400000,8400000,7700000,7411765,7280000,4655172,3530551,-13,-9,-10,-14,-11,-17,-12,-15,4,6,14000000,14000000,10500000,10500000,8750000,8750000,7538462,7225806,3314145,3145425
12,16,0,0.86347,0.8634,0.8634,0,33,7,7,0.86356,0.86333,48.43849185961712,51.56150814038288,199098866,20,21,17,19,16,15,18,14,2,0,10500000,8166667,8166667,8000000,8000000,7875000,7241379,3000000,2960852,2930197,-22,-26,-18,-21,-23,-20,-19,-2,-1,0,8400000,8400000,8000000,8000000,7700000,7304348,7000000,3238806,2901613,2718130
12,17,1,0.8636,0.86345,0.8634,5,33,20,15,0.86356,0.86332,44.826285646443935,55.17371435355607,257321425,23,26,28,27,20,25,30,-4,-6,3,9333333,8000000,7777778,7269231,7179487,7000000,4500000,3728972,3675676,3647841,-10,-12,-18,-15,16,15,1,-8,17,10,14000000,14000000,9333333,8400000,3754417,3366559,3235294,3235294,3136957,3047445
12,18,0,0.86351,0.86343,0.86345,-2,32,7,8,0.86359,0.86338,44.69075796155898,55.30924203844102,218471251,17,12,15,14,16,18,21,13,-3,-1,14000000,10500000,8166667,8000000,7538462,7466667,7000000,5958333,4252632,3828199,-21,-23,-22,-24,-19,-16,-3,-2,-1,2,10500000,10500000,8750000,8400000,7636364,4833333,3506780,3122658,3080729,3043103
12,19,0,0.86363,0.8634,0.86343,-3,38,20,23,0.86358,0.86339,41.02458914421297,58.97541085578703,218880086,19,12,15,16,17,18,13,10,-10,-6,14000000,8750000,8400000,7500000,7500000,7388889,6375000,4276786,4029762,3761076,-9,-7,-12,-15,13,11,14,5,9,4,10500000,8750000,8400000,7538462,3247253,3187500,3037190,2739899,2664653,2647906
12,20,1,0.86367,0.86362,0.8634,22,21,27,5,0.86364,0.86346,43.58173766008673,56.41826233991327,209998194,30,32,34,35,28,27,4,16,5,18,14000000,8750000,8166667,7179487,7000000,7000000,3767241,3650670,3490741,3303719,-10,-13,-16,-6,12,-7,-3,13,14,11,10500000,10500000,7000000,5714286,3358841,3294118,3137255,3136778,2856481,2622667
12,21,1,0.86382,0.86373,0.86362,11,24,20,9,0.8638,0.86361,47.753767952923454,52.24623204707655,200086563,25,27,31,26,21,23,0,3,1,2,10500000,7368421,7000000,6166667,4724638,4500000,3478903,3343168,3274425,3073727,-14,-15,-13,-10,2,7,15,8,14,-3,14000000,7583333,7000000,5545455,3281837,3180851,3178571,3145907,3007576,2749110
12,22,1,0.86388,0.8638,0.86373,7,24,15,8,0.86387,0.86366,42.39158771474438,57.60841228525562,227113744,25,29,23,31,27,26,30,28,21,5,14000000,9333333,8750000,8750000,8750000,8166667,7205882,7000000,3851852,3607038,-11,-13,-16,-14,-8,-7,8,10,4,-9,8750000,8400000,7583333,7411765,4769231,4090909,3284790,3245136,3166667,2957000
12,23,1,0.86391,0.86382,0.8638,2,29,11,9,0.86397,0.86375,48.00942051726621,51.990579482733786,214535141,16,19,17,20,23,21,18,-2,-1,2,14000000,10500000,9333333,7777778,7700000,7700000,7280000,3449029,3303213,3211875,-13,-16,-20,-14,-18,-15,-17,3,2,1,9333333,9333333,8400000,8166667,7333333,7225806,7000000,3533670,3533233,3357550
12,24,0,0.86393,0.86357,0.86382,-25,54,11,36,0.86396,0.86374,48.38946798927445,51.61053201072555,214874183,-6,-9,-2,-5,0,-4,-7,-8,-27,-23,10500000,10500000,8400000,7583333,7538462,7500000,7083333,3788667,3726225,3368071,-14,-18,-12,-11,-15,-16,-13,5,3,1,10500000,7777778,7777778,7411765,7333333,7241379,7130273,3356698,3314000,3300595
12,25,1,0.86399,0.86384,0.86357,27,27,42,15,0.86396,0.86376,53.29459408936517,46.70540591063483,190756261,21,18,19,23,20,22,4,2,3,1,7875000,7700000,7636364,7350000,7318182,7259259,3610099,3423259,3214838,3089744,-8,-5,-7,-6,-12,-9,-10,-3,9,7,9333333,8166667,7466667,7368421,7318182,7304348,7218750,4529412,3361538,3244367
12,26,0,0.86393,0.86383,0.86384,-1,36,9,10,0.86403,0.8638,57.06420928888373,42.93579071111628,223408330,15,16,13,14,11,-4,12,1,-5,-7,10500000,8000000,7777778,7241379,4590909,3795588,3692308,3645614,3529833,3356061,-24,-18,-20,-23,-21,-26,-25,-22,0,2,14000000,14000000,8750000,8166667,7700000,7000000,7000000,7000000,3657303,3537190
12,27,0,0.86382,0.86374,0.86383,-9,31,2,8,0.86393,0.86372,48.4713201083616,51.5286798916384,196362562,14,13,9,12,11,10,-2,-3,-8,-5,14000000,14000000,9333333,7241379,5777778,4588235,3648796,3619565,3383721,3357388,-17,-20,-21,-19,-22,-23,-6,-3,-15,-4,14000000,8750000,7291667,7127273,7000000,7000000,3300626,3230769,3120000,3084453
12,28,1,0.86385,0.86376,0.86374,2,25,11,9,0.86388,0.86366,50.78971340179447,49.21028659820553,214928352,22,21,24,16,19,20,18,15,1,0,10500000,9333333,8166667,7777778,7583333,7000000,4400000,4133333,3541485,3308917,-14,-15,-16,-13,-12,-10,-11,-9,5,7,10500000,10500000,9333333,8750000,7583333,7538462,7000000,5272727,3781746,3480769
12,29,0,0.86379,0.86361,0.86376,-15,50,3,18,0.86393,0.86373,53.37186430225052,46.628135697749485,217829110,1,4,3,-26,-21,-24,-25,-19,-11,-13,8400000,8166667,7777778,4715517,4312500,4041237,3835294,3310056,3284519,3248634,-29,-26,-27,-31,-32,-2,0,-16,-8,-4,10500000,8166667,7411765,7333333,7000000,3911184,3672222,3523490,3455665,3430000
12,30,0,0.86364,0.86355,0.86361,-6,41,10,9,0.86374,0.86356,56.07081052103925,43.92918947896075,245934640,17,20,-13,-16,-15,-17,-18,15,-1,-14,10500000,7000000,5642045,4918367,3890625,3642857,3527778,3500000,3235477,2959821,-29,-31,-28,-32,-27,-30,-13,-17,-16,-14,9333333,8750000,7875000,7777778,7777778,7000000,5415323,4265306,3937500,3558333
12,31,0,0.86354,0.86343,0.86355,-12,36,5,11,0.86364,0.86345,47.30286834127617,52.69713165872383,213488299,15,12,10,9,13,-12,-11,-8,-5,-13,9333333,8166667,8000000,8000000,7000000,3847222,3465361,3310298,3063197,3041985,-23,-25,-21,-22,-24,-20,-11,-5,-2,-3,10500000,9333333,6380952,5440000,4400000,3777778,3450255,3241814,3230769,3061826
12,32,1,0.86357,0.86345,0.86343,2,29,14,12,0.86362,0.86339,41.42281567296318,58.57718432703682,200185706,16,12,19,17,13,14,15,10,18,11,10500000,8166667,8000000,7538462,7333333,7291667,7112903,7033333,7000000,4125000,-11,-14,-17,-15,-16,-12,2,0,1,4,8750000,7437500,7000000,7000000,6500000,5457143,4058252,3375218,3058511,2898966
12,33,1,0.86364,0.86352,0.86345,7,31,19,12,0.86367,0.86343,47.97339151024922,52.02660848975078,257985029,17,25,22,19,26,24,18,23,20,15,10500000,9333333,8400000,8400000,8000000,7636364,7583333,7318182,7129630,6312500,-19,-14,-16,-17,-12,-13,-11,-10,-8,6,14000000,10500000,8750000,8400000,8000000,7636364,7437500,5470588,4776316,3823222
12,34,0,0.86363,0.86349,0.86352,-3,31,11,14,0.86364,0.86346,47.34170739214235,52.65829260785765,177290133,21,20,19,14,17,-3,2,-1,-4,10,14000000,8400000,7777778,7700000,7269231,3147910,3009662,2828502,2745690,2651515,-15,-17,-12,-14,-11,5,3,0,1,8,9333333,8000000,7538462,7437500,7250000,3442244,3325275,2893519,2886126,2762295
12,35,1,0.86373,0.86367,0.86349,18,25,24,6,0.8637,0.86352,53.28476794651737,46.71523205348263,223625797,33,35,32,28,3,9,23,5,4,10,14000000,10500000,7700000,7350000,4582353,3683252,3022727,3015924,2786458,2750712,-17,-19,-14,-11,-12,-9,6,12,13,3,9333333,7875000,7700000,7583333,7500000,4000000,3816712,3782723,3416129,3370482
12,36,1,0.86387,0.86368,0.86367,1,34,20,19,0.86385,0.86364,50.56855974801136,49.43144025198864,215819886,20,24,14,21,22,19,8,-7,-2,2,14000000,8166667,8000000,7368421,7000000,7000000,3187050,3139881,3094037,3089202,-10,-13,-15,-12,-8,-5,4,12,14,10,10500000,9333333,8750000,7350000,6000000,5937500,4143564,4126238,3921687,3358382
12,37,0,0.86382,0.86365,0.86368,-3,37,14,17,0.86389,0.8637,64.34416563217059,35.65583436782942,124944085,11,-8,-10,-7,-9,-6,-5,2,-2,-3,7875000,3977918,3532164,3234252,3101266,2659686,2569519,2133333,2018018,2009202,-15,-20,-16,-17,-18,-2,0,2,-1,1,10500000,8750000,7700000,7291667,7233333,4337176,4186186,4090426,3932891,3450000
12,38,1,0.86395,0.86386,0.86365,21,26,30,9,0.86394,0.86374,48.26166944654272,51.73833055345728,210347508,27,30,32,29,26,1,11,7,10,12,14000000,14000000,10500000,7000000,7000000,3897810,3010823,2946262,2902574,2881356,-17,-14,-12,-10,-9,-7,10,9,1,7,10500000,7875000,7777778,7538462,4714286,4509259,4348765,4190476,3544925,3445783
12,39,0,0.86391,0.86383,0.86386,-3,31,9,8,0.86396,0.86377,51.34934425423254,48.65065574576746,184357957,19,20,22,17,14,-1,-2,0,-3,3,9333333,7636364,7350000,6814815,5583333,3204152,3186879,3157801,3121281,3026265,-23,-18,-20,-21,-17,-16,-3,-4,2,-2,8400000,7583333,7269231,7000000,5428571,4416667,3607201,3314043,3268382,3205128
12,40,0,0.86393,0.86376,0.86383,-7,33,10,17,0.86395,0.86378,58.22724735931986,41.77275264068014,130465252,15,12,-5,-8,-4,-7,-6,-2,-3,0,8750000,7777778,3991461,3581882,3265403,3082589,2961610,2468927,2442897,2240458,-13,-14,-16,3,2,1,4,-7,-1,5,14000000,14000000,7304348,3819533,3545848,3136612,3085984,2619048,2450649,2411640
12,41,1,0.86402,0.8639,0.86376,14,29,26,12,0.86403,0.86381,47.42800554099779,52.57199445900221,216320606,20,26,19,22,24,25,21,0,-1,1,10500000,9333333,9333333,7875000,7538462,7000000,7000000,3808091,3741093,3588957,-12,-15,-14,-16,-17,10,4,2,3,8,14000000,9333333,9333333,8166667,7000000,4051282,3665493,3477074,3266000,3118182
12,42,0,0.86405,0.86382,0.8639,-8,35,20,23,0.864,0.86381,52.49679839575076,47.50320160424924,176190577,21,16,11,-7,-8,-9,-10,1,-4,7,9333333,6642857,5000000,3483651,3142857,3090106,3088235,2984756,2894678,2820896,-11,-9,-12,16,-5,11,6,7,14,12,10500000,8166667,7000000,3531183,3333333,3002429,2997685,2990816,2872340,2858373
12,43,0,0.86397,0.86378,0.86382,-4,36,15,19,0.86396,0.86377,47.61069816562597,52.38930183437403,147070933,17,19,3,4,-8,-5,11,10,-7,-9,7000000,7000000,3666667,3104575,3084000,3041925,3000000,3000000,2934708,2875000,-17,-10,10,-9,8,3,2,7,4,5,7000000,5625000,3667925,3533333,3346632,3340964,3170483,3073298,2902813,2815182
12,44,0,0.86396,0.86368,0.86378,-10,36,18,28,0.86393,0.86374,49.86191195862139,50.13808804137861,161818502,5,6,4,3,-11,-7,-16,-9,-12,-13,14000000,9333333,5090909,4285714,3385714,3220965,3021739,2883648,2757547,2629487,-6,-7,-5,-8,8,7,9,10,6,-4,14000000,8400000,7250000,7000000,4044861,4032095,3541199,3229912,2800416,2333333
12,45,1,0.86383,0.86371,0.86368,3,31,15,12,0.86386,0.86369,54.1829403515649,45.8170596484351,188156269,19,-1,14,-11,1,-7,0,-9,-10,-12,14000000,3534130,3333333,3328571,3135065,3090909,2923077,2781250,2756757,2722222,-19,-18,7,-12,4,5,8,1,6,3,14000000,14000000,4650847,4342105,3719691,3718841,3481132,3432161,3374194,3303947
12,46,0,0.86381,0.86352,0.86371,-19,49,13,29,0.86384,0.86364,46.37865792670221,53.62134207329779,242218529,6,7,3,8,11,-24,-27,-28,-23,-22,14000000,14000000,7500000,7000000,7000000,4053265,3729814,3456311,3284314,3283476,-20,-19,-18,-17,-16,11,-9,9,-5,-4,14000000,8400000,7000000,6250000,4044778,3433544,3380184,3305556,3282238,3089070
12,47,1,0.86373,0.8636,0.86352,8,34,21,13,0.86377,0.86357,57.09456389642917,42.90543610357083,185656838,21,23,-5,-10,-3,0,-4,-7,-2,-6,8750000,7000000,3316626,3240385,3189612,3157290,2974194,2891414,2842767,2777372,-17,-16,-21,-19,-15,6,7,-2,-1,0,14000000,10500000,9333333,8400000,5666667,3590104,3384507,3236549,3063943,2929566
12,48,0,0.86377,0.86356,0.8636,-4,36,17,21,0.86379,0.86358,63.40643090426839,36.59356909573161,170831030,11,8,-7,-5,-8,-6,-4,-9,-11,1,8750000,8000000,3800317,3712978,3509980,3438792,3225972,3014865,2365854,2290861,-14,-15,-10,-11,-12,-9,-13,-7,7,5,10500000,9333333,8750000,7777778,7583333,7583333,7000000,3851852,3630435,3559222
12,49,1,0.8638,0.86371,0.86356,15,36,24,9,0.86386,0.8637,60.67811379026076,39.32188620973924,206095617,-12,-9,9,-11,10,-6,-8,-7,-4,-5,3772727,3687302,3534722,3526549,3419644,3228421,3085158,3082960,3070053,2914414,-25,-27,-21,-20,-22,5,8,10,3,-2,10500000,10500000,9333333,8750000,7583333,3854167,3718750,3645161,3370588,3359117
12,50,1,0.86395,0.86385,0.86371,14,20,24,10,0.86391,0.86374,44.809186928277725,55.19081307172228,167688171,28,25,24,23,1,9,10,11,3,2,8750000,8750000,7000000,6200000,3462500,3371145,3357708,3160998,2987013,2896226,-10,-6,-4,10,12,9,11,14,0,13,7000000,5333333,4300000,3481156,3085526,3061475,2856637,2790984,2744094,2713235
12,51,1,0.86395,0.86388,0.86385,3,20,10,7,0.86396,0.86378,37.62739911023524,62.37260088976476,172769260,21,24,22,25,26,8,1,5,18,9,14000000,10500000,10500000,9333333,8166667,4058455,4000000,3802083,3573077,3226655,-11,-13,6,0,5,2,3,7,4,1,8000000,7000000,3804435,3782927,3730104,3225879,3077739,3064972,2963385,2868339
12,52,1,0.864,0.8639,0.86388,2,29,16,10,0.86399,0.8638,51.80771597592767,48.19228402407233,208257052,24,22,26,21,-2,-3,5,4,3,12,10500000,8400000,8166667,6545455,5726027,3605263,3388712,3249231,3200658,3181677,-10,-14,-12,-17,-19,-9,-7,-8,15,3,7875000,7700000,7583333,7000000,7000000,5388889,3733333,3227273,3222222,3178797
12,53,0,0.86397,0.86383,0.8639,-7,39,9,14,0.86403,0.86383,50.12710163115944,49.87289836884056,237728263,11,17,7,10,12,14,15,9,-2,-7,9333333,9333333,8750000,7700000,7318182,7000000,7000000,4695652,3902812,3536685,-16,-22,-17,-19,-21,-25,-15,-14,3,2,14000000,10500000,10500000,7777778,7000000,7000000,4500000,4062500,3204724,3148045
12,54,1,0.86417,0.86398,0.86383,15,29,34,19,0.86406,0.86389,47.97010659410592,52.029893405894086,192357071,30,29,25,24,13,1,0,-3,12,-1,8000000,7875000,7411765,7000000,3710371,3700000,3659292,3447368,3361423,3188172,-7,-2,-10,22,23,19,12,17,21,20,8750000,8000000,7000000,3487374,3379562,3137056,3103969,3088117,3054167,3031401
12,55,1,0.86424,0.864,0.86398,2,41,26,24,0.8642,0.864,42.03644173680225,57.96355826319775,261897726,15,14,19,13,10,11,12,17,9,-7,14000000,14000000,10500000,10500000,8400000,7875000,7200000,7000000,5392157,3872849,-17,-14,-12,-7,15,-9,-10,16,17,7,14000000,10500000,7583333,4444444,4434641,4400000,3083333,3036082,2951613,2918280
12,56,0,0.8641,0.864,0.864,0,33,10,10,0.86417,0.86397,49.98765731197025,50.01234268802975,183675549,16,17,19,12,11,-6,-5,-7,-3,-4,9333333,9333333,9333333,5840000,4200000,4026807,3491007,3404192,3180064,3110627,-23,-20,-21,-18,0,-19,-5,-17,-10,-1,8750000,8400000,8400000,7875000,3274448,3214286,3054581,3040000,2789474,2775244
12,57,1,0.86423,0.86403,0.864,3,28,23,20,0.86417,0.86397,47.33168807468792,52.66831192531208,148330072,20,17,16,19,-2,-1,3,0,1,4,10500000,7538462,7500000,7000000,4023715,3550643,3302448,3108291,3069853,2682243,-8,-7,-4,11,13,17,10,12,8,9,14000000,7000000,4411765,3265107,3196833,3000000,2945866,2863990,2735507,2472345
12,58,1,0.8642,0.86408,0.86403,5,25,17,12,0.86417,0.864,53.57417592007536,46.425824079924645,169218993,21,27,2,8,1,3,19,7,5,0,14000000,7000000,3563755,3321546,3141169,3019015,3000000,2908724,2865094,2740351,-11,-10,-12,-13,-8,10,12,6,-6,5,10500000,7000000,7000000,7000000,5125000,4075472,3886207,3640816,3558824,3050984
12,59,1,0.86433,0.86418,0.86408,10,23,25,15,0.86427,0.86406,47.06416750157752,52.935832498422485,220525541,30,22,26,21,24,23,4,13,5,18,14000000,14000000,10500000,8400000,8000000,7000000,3579809,3521739,3476005,3445946,-7,-6,-8,-4,-5,-3,15,14,12,9,14000000,8400000,8166667,8166667,7205882,6500000,3528195,3293443,3177643,3078254
13,0,1,0.86443,0.86427,0.86418,9,28,25,16,0.86438,0.8642,47.46976896016656,52.530231039833446,212721760,21,28,26,24,-4,3,4,11,12,2,10500000,7777778,7500000,7411765,4168367,4088863,3891566,3727763,3615873,2906091,-9,-12,-11,19,16,17,-3,18,-4,20,8750000,8400000,7000000,4024752,3658301,3638462,3512195,3226872,3150000,3080952
13,1,0,0.86433,0.8642,0.86427,-7,37,7,13,0.86441,0.8642,42.13583406109309,57.86416593890691,251596306,18,11,14,17,12,19,16,-13,-11,-12,14000000,14000000,10500000,8166667,7700000,7700000,7500000,4342105,3920567,3701923,-23,-20,-22,-24,-17,-14,3,6,2,1,14000000,10500000,8750000,8166667,3740260,3518675,3089041,2918919,2908163,2904682
13,2,0,0.86435,0.86419,0.8642,-1,33,15,16,0.86437,0.86418,46.40246549993737,53.59753450006263,198766016,18,13,19,12,14,-4,-5,-3,-2,1,14000000,10500000,9333333,9333333,7250000,4132042,3729339,3092500,3028381,2980541,-17,-14,-15,-9,8,6,7,-12,5,0,14000000,8166667,7000000,3593750,3315000,3104286,3033929,3000000,2777926,2777467
13,3,1,0.86442,0.86427,0.86419,8,26,28,15,0.86431,0.86414,45.23966823335159,54.76033176664841,211693491,30,33,36,28,26,22,16,8,1,12,7875000,7466667,7269231,7000000,6166667,3556701,3453512,3434685,3375000,3169336,-5,-11,23,-2,20,11,22,2,6,13,10500000,7000000,3384146,3166667,2902318,2705056,2676617,2675439,2637168,2634981
13,4,0,0.86437,0.86418,0.86427,-9,35,15,19,0.86437,0.86417,46.82031884687467,53.17968115312533,218808480,18,12,17,10,15,14,20,-10,-2,-8,14000000,10500000,8166667,7777778,7466667,7368421,7000000,3191057,3153119,3136161,-13,-16,-11,-15,-10,0,9,7,6,-1,14000000,10500000,8400000,7318182,7000000,3178571,3171488,3138889,3023310,3001818
13,5,0,0.86436,0.86417,0.86418,-1,33,18,19,0.86434,0.86414,43.92326633243808,56.076733667561925,205056066,14,19,18,16,13,10,11,9,-3,-5,14000000,10500000,9333333,8166667,8000000,7000000,5166667,3702703,3257725,3125000,-14,-7,-8,-9,-11,7,4,10,8,11,9333333,7777778,7500000,7466667,7269231,3214431,3116262,2970588,2895466,2858779
13,6,1,0.86438,0.86425,0.86417,8,27,21,13,0.86439,0.86418,40.414373919388815,59.58562608061119,188506748,14,18,12,15,17,16,19,13,1,2,14000000,10500000,7777778,7636364,7333333,7000000,7000000,6166667,3769912,3581944,-14,-9,-11,-12,3,1,6,4,0,2,9333333,7538462,7411765,7280000,3275660,3251603,2970506,2893673,2879612,2877814
13,7,1,0.86442,0.86433,0.86425,8,24,17,9,0.86445,0.86426,48.64252715344106,51.35747284655894,143820630,20,15,17,18,3,1,2,4,0,8,9333333,8000000,7318182,7241379,3465739,3447907,3424406,3384884,3112500,2684435,-15,-10,-13,-12,3,1,2,0,-1,4,8750000,8166667,7411765,7200000,3805699,3423868,3226757,2957071,2928788,2492620
13,8,1,0.86448,0.86436,0.86433,3,31,15,12,0.86451,0.86432,56.885317300949,43.114682699051,213456626,18,16,20,14,-1,11,5,0,-5,7,8750000,8166667,7333333,4500000,3732468,3530457,3521595,3450920,3184049,3154229,-15,-17,-19,-18,-14,-16,-2,7,-12,9,14000000,9333333,8000000,7875000,7777778,7500000,3790520,3591880,3566038,3418317
13,9,0,0.86443,0.86435,0.86436,-1,30,7,8,0.86451,0.86434,48.70131382518938,51.29868617481062,166117153,19,9,14,10,1,12,8,-7,-1,-2,14000000,7000000,7000000,5178571,4058917,3913043,3733333,3525701,3292683,3188725,-21,-17,-19,-22,-15,-8,-3,-7,0,-2,7700000,7538462,7086957,7000000,4043478,3561782,3523810,3380562,3265625,3211538
13,10,1,0.86454,0.86437,0.86435,2,25,19,17,0.86447,0.86429,54.07590251327076,45.92409748672924,166115369,21,19,18,2,0,-1,1,3,5,8,14000000,7000000,7000000,3801966,3605603,3537671,3442675,3085831,2985876,2571197,-7,-5,-6,-8,13,15,17,11,9,16,14000000,10500000,7538462,7411765,3612195,3377358,3348837,3192090,3012570,3000000
13,11,0,0.86448,0.86435,0.86437,-2,30,11,13,0.86452,0.86433,48.23982730439675,51.76017269560325,139798811,16,15,19,-6,-8,-5,-1,-3,-7,-2,8750000,7000000,7000000,3591912,3394118,3321127,3197619,3158392,3149701,3085746,-12,-17,-14,1,2,4,5,3,0,-2,9333333,9333333,7050000,3417303,3148352,3011494,3009259,2992157,2761214,2754958
13,12,1,0.86449,0.86444,0.86435,9,24,14,5,0.86455,0.86436,53.442229713884366,46.557770286115634,148009878,21,24,18,4,3,1,5,2,0,9,7466667,7000000,7000000,3531707,3469962,3213592,3032411,3014673,2929708,2810526,-19,-18,-17,-16,-2,2,-1,0,-3,-6,9333333,8750000,7241379,7125000,3207343,3161268,3141176,3136149,3131132,3117801
13,13,0,0.86444,0.86432,0.86444,-12,35,8,12,0.86451,0.86431,53.58992381264368,46.41007618735632,178627802,16,14,-9,-10,1,-8,-11,-7,-5,-1,7875000,7000000,4036873,4024922,3926593,3769821,3517094,3466334,3007962,2918367,-19,-22,-23,-18,-6,4,-7,-5,2,5,14000000,10500000,7000000,4293833,3252927,3246341,3088010,3082544,3033333,2971098
13,14,1,0.86458,0.86443,0.86432,11,23,26,15,0.86452,0.86433,50.211983911198445,49.78801608880156,171116288,27,25,18,22,4,5,6,3,7,8,14000000,7500000,5550000,5000000,3883448,3587302,3428207,3278070,3207980,3103462,-8,-6,-4,-5,12,11,8,18,13,10,14000000,8166667,8000000,7241379,3231801,3222222,3120069,3000000,2873950,2759892
13,15,0,0.86446,0.86435,0.86443,-8,32,8,11,0.86452,0.86434,50.66121828636301,49.33878171363699,171691637,16,17,-4,-9,-5,-3,-1,-6,-8,-2,10500000,9333333,3365231,3324468,3146359,3127248,2988319,2987613,2951883,2893930,-19,-21,-20,-16,4,-1,-4,5,-3,2,9333333,8166667,7291667,4735294,3325911,3199832,3058036,2946460,2852365,2844178
13,16,0,0.86435,0.86429,0.86435,-6,31,3,6,0.86445,0.86428,43.90174082510055,56.098259174899454,164391529,13,16,15,-5,-7,-8,-6,2,1,-13,14000000,8750000,7000000,3436735,3233184,3210366,3150407,3082310,3013648,3000000,-25,-23,-3,-2,0,-1,-11,-12,-5,-10,9333333,4933750,3896774,3660985,3011029,2906863,2796226,2753704,2703509,2689145
13,17,0,0.8644,0.86426,0.86429,-3,34,11,14,0.86445,0.86426,51.70853569427201,48.29146430572799,171143454,17,14,15,-11,-4,-6,1,0,-5,-1,8400000,8400000,7000000,3173469,3050998,2857836,2833531,2798880,2735145,2710222,-17,-15,-20,-18,4,0,2,5,7,-2,9333333,9333333,7000000,7000000,3248750,3008383,2783483,2754717,2730435,2700341
13,18,0,0.86435,0.86419,0.86426,-7,36,9,16,0.86439,0.86422,40.84067739137982,59.15932260862018,162012041,8,10,13,11,-11,2,-12,-4,-13,-8,10500000,10500000,10500000,7500000,3792683,3404070,3333962,3149148,3127907,2946101,-17,-20,3,-5,4,1,-4,2,5,-3,7000000,7000000,3682979,3372619,3116848,3116525,2856105,2834171,2460000,2304511
13,19,1,0.86428,0.86422,0.86419,3,22,9,6,0.86433,0.86415,48.28918455001516,51.71081544998484,133783717,19,23,-1,7,4,10,3,12,6,5,10500000,7000000,3552083,2988679,2986992,2882064,2840304,2818182,2655340,2621972,-14,-16,-15,2,1,3,-1,-2,0,4,7875000,7500000,5500000,3554054,3351648,2696524,2665179,2578529,2514315,2340206
13,20,0,0.86436,0.86415,0.86422,-7,30,14,21,0.86434,0.86415,50.121931019162695,49.878068980837305,155793006,11,9,12,-5,-6,-4,0,-3,-8,-2,14000000,10500000,10500000,4109218,3547962,3067288,3034783,2948529,2940594,2846758,-9,-7,-8,-4,6,5,7,8,9,10,14000000,7538462,7437500,5000000,3607280,3432566,3319915,3180710,3027174,2977974
13,21,0,0.86433,0.86414,0.86415,-1,33,18,19,0.86433,0.86413,54.36338341744801,45.63661658255199,188029213,10,15,13,11,-3,-1,-6,-2,-4,-8,10500000,8400000,7318182,7291667,3511654,3263780,3152564,3064827,2993687,2726786,-14,-11,-10,-12,-9,-7,6,8,7,3,14000000,10500000,8750000,7466667,6857143,5210526,3694200,3449495,3265511,2985685
13,22,1,0.8643,0.86416,0.86414,2,25,16,14,0.86429,0.86411,55.36265622487031,44.63734377512969,171149606,15,14,17,13,1,-2,0,-1,2,3,8750000,8333333,7583333,6892857,3432476,3067568,3019608,2947500,2931090,2921203,-7,-9,-11,-10,-8,5,7,8,4,6,14000000,10500000,7875000,7777778,7466667,3343832,3200000,3023569,2990937,2873802
13,23,0,0.86442,0.86414,0.86416,-2,33,26,28,0.86433,0.86413,50.8509960054632,49.149003994536805,187922915,13,10,11,14,9,7,8,-1,-9,-8,8400000,8166667,7318182,7000000,5900000,4000000,3750000,3620219,3613861,3346457,-1,1,-2,-5,0,-3,2,15,17,18,9333333,9333333,8400000,7636364,7500000,7000000,4083333,3986322,3853480,2831034
13,24,1,0.86423,0.86415,0.86414,1,29,9,8,0.8643,0.86411,54.02684357311154,45.97315642688846,171160299,16,15,12,11,-2,5,-1,2,10,3,10500000,8750000,7875000,7466667,3896825,3586854,3466176,3074928,3068182,3045455,-17,-15,-21,-18,-19,-5,-3,1,-4,2,14000000,14000000,8400000,8166667,7241379,3404478,3124294,3088235,3021622,2858779
13,25,0,0.86415,0.86401,0.86415,-14,36,13,14,0.86419,0.864,54.69298840418168,45.30701159581832,222201998,18,20,16,-10,-12,-11,4,5,-9,-4,8750000,7700000,7000000,3948276,3685185,3645695,3559122,3521605,3186885,2968958,-19,-21,-18,-20,-22,8,7,11,-6,-2,14000000,9333333,8400000,7636364,7000000,4009494,3737410,3215385,3086957,3017296
13,26,1,0.86425,0.86407,0.86401,6,32,24,18,0.86418,0.86397,50.48732667173068,49.51267332826932,252433649,24,19,27,26,28,25,1,0,10,-1,14000000,8400000,8166667,8000000,7777778,7000000,3691142,3638821,3470588,3306289,-9,-4,-6,-14,-8,-11,-12,18,-2,19,10500000,9333333,8750000,8166667,7700000,7388889,7000000,4018325,3704545,3665663
13,27,1,0.86418,0.86408,0.86407,1,33,11,10,0.86423,0.86403,53.32820402903168,46.67179597096832,240814984,21,25,20,22,7,-2,19,-3,-4,8,10500000,9333333,9333333,8000000,3887906,3549098,3333333,3217184,3132394,3046809,-18,-14,-21,-19,-23,-17,-20,7,6,8,14000000,9333333,9333333,8750000,8166667,7777778,7777778,3656716,3581967,3257143
13,28,0,0.8641,0.86402,0.86408,-6,39,2,8,0.86424,0.86403,57.86864425116095,42.13135574883905,229329468,19,14,11,16,9,-6,2,-7,-5,-8,14000000,8400000,7111111,7000000,4700000,4129075,3600000,3222600,3012311,2999201,-31,-29,-24,-22,-25,-26,-23,-28,-21,-2,14000000,10500000,10500000,8166667,7777778,7388889,7333333,7000000,6111111,3811538
13,29,0,0.86398,0.86385,0.86402,-17,46,4,13,0.86411,0.86393,53.09415908607989,46.90584091392011,205285340,14,9,-15,-18,-20,-5,-21,0,-8,-16,14000000,9333333,3608534,3579957,3357333,2989669,2951550,2943038,2925258,2876957,-32,-31,-30,-33,-17,-14,-5,-15,-6,-4,14000000,10500000,7500000,7269231,3265496,3254955,3200405,3035644,2875000,2853081
13,30,0,0.86395,0.86383,0.86385,-2,31,10,12,0.864,0.86383,44.0356835841079,55.9643164158921,140306758,13,14,-7,-2,-8,-3,-4,0,-5,-6,14000000,10500000,2979821,2847552,2843478,2815878,2799808,2599859,2588089,2580645,-19,3,2,-2,-1,1,-16,0,-5,-6,7583333,3984890,3544304,3226038,3088551,2986511,2800000,2542742,2454630,2402844
13,31,1,0.86418,0.86398,0.86383,15,23,38,20,0.864,0.86382,55.15674741051701,44.84325258948299,220932326,34,33,14,23,13,2,31,11,5,25,9333333,7166667,3494231,3314578,3174757,2910714,2888889,2831541,2808712,2759459,-2,0,-3,2,30,32,13,15,12,28,14000000,7666667,7000000,4166667,4021687,3498047,3474747,3425076,3351406,3201342
13,32,0,0.86402,0.86392,0.86398,-6,33,12,10,0.86406,0.86386,42.74748836908417,57.25251163091583,197108081,23,22,21,20,-6,-9,2,-3,6,17,14000000,14000000,7000000,7000000,4274725,3464286,3457510,3128571,3023649,3000000,-21,-23,2,-13,6,4,7,5,8,3,10500000,7000000,3287535,3121951,3099372,3056522,2952507,2927593,2925532,2911382
13,33,0,0.86396,0.86385,0.86392,-7,34,7,11,0.86403,0.86386,56.46492150117401,43.53507849882599,165252981,11,9,-8,3,-5,-6,7,-3,0,-4,7086957,7000000,3581911,3492857,3432558,3127907,3035714,3003563,2988959,2751708,-19,-22,-20,-23,-17,-2,-7,-3,-4,-10,8400000,8166667,7125000,7000000,4363636,4299120,3725838,2944000,2883102,2850318
13,34,0,0.86387,0.86376,0.86385,-9,39,6,11,0.86397,0.86374,50.79825036909291,49.20174963090709,260112689,13,18,15,20,16,12,22,11,-11,-4,9333333,8750000,7666667,7437500,7368421,7000000,7000000,4200000,3567485,3505869,-22,-27,-20,-21,-23,-28,-25,-19,-8,2,14000000,9333333,8400000,8166667,7583333,7437500,7000000,4681818,3600885,3558559
13,35,1,0.86392,0.86385,0.86376,9,23,16,7,0.86394,0.86372,44.503279057918135,55.496720942081865,240740182,29,28,24,26,21,23,27,25,22,19,10500000,9333333,9333333,8750000,8750000,8166667,7500000,7350000,7000000,5555556,-11,-16,-13,-10,-15,-9,-12,6,4,5,10500000,7875000,7700000,7636364,7500000,7043478,7000000,3686200,3565789,3469667
13,36,1,0.86406,0.86389,0.86385,4,41,21,17,0.86405,0.86383,51.27472015571304,48.72527984428696,226735020,22,15,14,19,18,16,17,13,-1,-3,10500000,8166667,7777778,7538462,7388889,7350000,7125000,3928571,3413674,3250471,-10,-14,-11,-9,-8,-12,-7,14,-6,6,10500000,10500000,8000000,7500000,7466667,7466667,5214286,3870968,3500000,3433782
13,37,0,0.86396,0.86378,0.86389,-11,35,7,18,0.86402,0.86383,46.985828518383656,53.01417148161634,164544122,7,4,8,6,9,-7,-8,-9,-10,-11,10500000,10500000,9333333,7368421,7000000,3471451,3265772,3037466,2982094,2915186,-16,-15,-17,-14,-13,-4,0,-1,1,-3,8750000,8400000,8166667,6444444,5111111,3805215,3249147,3235741,3222678,3209957
13,38,1,0.86416,0.86403,0.86378,25,39,38,13,0.86413,0.86394,64.4715550677633,35.52844493223669,228682967,37,35,25,2,-4,4,3,16,19,-1,7000000,7000000,3666667,3057839,2984211,2879562,2713962,2710145,2707317,2569767,-12,-10,-25,-13,-8,-17,-26,-9,-7,18,14000000,9333333,9333333,8750000,8000000,7000000,7000000,4625000,3805556,3724138
13,39,0,0.86415,0.86395,0.86403,-8,38,18,20,0.86414,0.86395,45.54976184552981,54.45023815447019,188077721,16,20,14,13,-11,-10,15,-8,-9,-7,16000000,7000000,4800000,3818182,3625608,3452347,3333333,3061877,2925676,2748411,-13,15,10,0,5,1,4,9,13,2,6722222,4006250,3874742,3212379,3105882,3067661,3014605,3009852,2881633,2865768
13,40,0,0.86413,0.86395,0.86395,0,37,18,18,0.86418,0.86399,49.54276495586632,50.45723504413368,181284333,8,11,9,-7,-12,-8,-6,-11,-10,-5,14000000,14000000,7368421,4102226,3580311,3476044,3145108,3033333,2997159,2866722,-15,-17,-19,-16,-12,-2,1,0,2,4,14000000,7000000,7000000,7000000,4269231,3509893,3166667,2995455,2903488,2868687
