hour,minute,tendance,last_ask,last_bid,first_bid,candle_body,high,low,spread,ask_median,bid_median,ask_volume_total,bid_volume_total,volume_total,bid_price1,bid_price2,bid_price3,bid_price4,bid_price5,bid_price6,bid_price7,bid_price8,bid_price9,bid_price10,bid_volume1,bid_volume2,bid_volume3,bid_volume4,bid_volume5,bid_volume6,bid_volume7,bid_volume8,bid_volume9,bid_volume10,ask_price1,ask_price2,ask_price3,ask_price4,ask_price5,ask_price6,ask_price7,ask_price8,ask_price9,ask_price10,ask_volume1,ask_volume2,ask_volume3,ask_volume4,ask_volume5,ask_volume6,ask_volume7,ask_volume8,ask_volume9,ask_volume10
8,38,1,1.11279,1.11274,1.11273,1,17,6,5,1.11282,1.11268,46.720559729522826,53.27944027047717,125109856,4,13,3,12,11,2,1,10,-1,5,8841509,8400000,7936111,7777778,7000000,5908000,5799767,4250000,2000000,2000000,-12,-11,1,-10,-1,0,2,-2,3,-7,8400000,7875000,7842708,7250000,6270000,6150000,3982759,2573333,2000000,2000000
8,39,0,1.11276,1.11272,1.11274,-2,20,2,4,1.11283,1.11268,45.04299525679391,54.95700474320609,177453179,2,13,12,8,7,11,10,9,0,1,8808708,8000000,7875000,7700000,7700000,7583333,7291667,7212121,6377612,6129832,-4,-13,-16,-14,-15,-1,-2,-12,-3,0,8519505,7583333,7538462,7280000,7233333,6712427,6061011,5583333,5288537,4618182
8,40,1,1.11287,1.11279,1.11272,7,19,15,8,1.11286,1.11271,50.451407160186605,49.5485928398134,271608452,18,4,19,15,14,16,17,20,9,10,10500000,10054201,8000000,8000000,7733333,7700000,7700000,7636364,6985669,6268817,2,11,-8,-11,-4,-5,-7,-10,-3,-9,10598112,10309032,8400000,8400000,7777778,7538462,7304348,7189189,7111111,7000000
8,41,0,1.11285,1.11278,1.11279,-1,23,8,7,1.11289,1.11275,51.63133414767349,48.36866585232651,252006893,3,8,14,9,15,-5,12,10,-4,4,9140127,7885714,7700000,7538462,7538462,7391398,7368421,7000000,6731734,6372650,0,-12,-10,-11,-13,-14,-15,-5,-16,5,10892891,9333333,9000000,7500000,7411765,7318182,7233333,7228962,7000000,6979381
8,42,1,1.11289,1.11284,1.11278,6,16,16,5,1.11286,1.11272,50.75425982966901,49.24574017033099,274938810,9,14,22,24,25,21,20,19,15,6,11284788,8672764,8166667,7777778,7583333,7184211,7162791,6913793,6004032,5906009,-11,4,-10,-6,13,-7,-1,-8,9,-5,14000000,10931604,10500000,10000000,8563514,7538462,7284211,7000000,6911634,6716667
8,43,1,1.11298,1.11288,1.11284,4,23,14,10,1.11298,1.11282,50.522016940952255,49.47798305904775,273448501,19,8,18,17,15,16,14,5,-3,-2,9333333,8547926,8400000,7700000,7411765,7333333,7259259,7200808,6176471,6122078,-13,-2,8,-11,-8,-10,-9,9,11,3,10500000,9869718,8721556,8166667,8000000,8000000,7269231,6705675,6097297,5873427
8,44,1,1.113,1.11293,1.11288,5,20,12,7,1.11303,1.11288,46.08218113429043,53.91781886570957,217175367,3,9,15,14,11,13,10,12,8,2,9645610,9333333,9333333,8400000,7291667,7241379,7194444,7125000,6272727,5779740,-5,0,-12,-13,-11,-9,-8,1,-7,3,9840000,9346396,8750000,8000000,7118644,6352941,6077922,5823310,5659091,5303806
8,45,1,1.11305,1.11297,1.11293,4,21,12,8,1.11306,1.11291,41.8501901559416,58.1498098440584,282093999,13,17,-4,7,15,19,2,14,12,16,14000000,14000000,9354545,9017708,8750000,8166667,7768817,7333333,7333333,7000000,-6,-12,5,-13,-9,-11,6,-8,0,3,9933735,8750000,8408242,8400000,7777778,7500000,7272121,6750000,5740559,4929630
8,46,1,1.11334,1.11328,1.11297,31,18,37,6,1.11323,1.11308,47.20228440980197,52.79771559019803,432943686,42,40,41,18,33,38,9,13,37,23,14000000,14000000,10500000,8839865,8750000,8400000,8186047,7727891,7700000,7691398,14,23,-1,-9,19,-8,-7,-10,-12,9,9563636,9000875,8971429,8750000,8255894,8000000,8000000,8000000,7466667,6842308
8,47,0,1.11331,1.11313,1.11328,-15,44,10,18,1.11339,1.11325,45.53701777520645,54.46298222479355,322038735,5,4,-6,6,-23,1,3,0,-22,-12,14000000,14000000,8912052,8400000,8350515,7636364,7368421,7142857,6856767,6621325,-15,1,2,-26,-24,-25,-4,-9,-12,4,10130314,7749200,7487921,7437500,7212121,7142857,6182979,6034101,4906069,4777704
8,48,1,1.11322,1.11315,1.11313,2,31,9,7,1.11333,1.11316,51.268271786036046,48.731728213963954,263309098,-4,0,6,7,8,5,9,10,11,-7,9699738,8504436,8000000,7700000,7583333,7548387,7500000,7388889,7000000,5707542,-24,-22,-21,-18,-8,-19,-20,-7,-3,-13,10500000,7875000,7636364,7411765,7390606,7333333,7205882,6795104,6673809,5445946
8,49,1,1.11338,1.11334,1.11315,19,16,23,4,1.11335,1.11322,49.29423024378825,50.70576975621175,285598098,26,27,15,25,19,24,22,9,20,4,9333333,9333333,9142148,8400000,7948276,7538462,7318182,6810392,6347826,5335586,-10,-11,-12,3,-9,13,9,8,-8,-5,8400000,8400000,7466667,7447630,7333333,7330975,6703939,6452915,6206349,5700000
8,50,1,1.11344,1.11338,1.11334,4,19,10,6,1.11347,1.11331,47.63090465331041,52.36909534668959,196681721,2,11,12,17,13,6,14,15,3,8,9661512,8750000,7411765,7411765,7259259,7253750,7166667,7000000,5723989,5046154,-12,-13,-11,-9,-8,-2,4,5,1,0,8400000,8166667,7269231,7134615,7028571,6726400,6594595,5450510,5208082,4973477
8,51,1,1.11359,1.11352,1.11338,14,18,21,7,1.11355,1.1134,47.98861273063474,52.01138726936526,288297738,7,25,27,17,28,16,23,22,24,12,9164953,8400000,8400000,8262987,8000000,7885650,7875000,7700000,7159091,6781728,4,13,-8,-10,9,-7,-11,-5,15,-6,10450637,9228571,8750000,8750000,8218815,7280000,7000000,5937500,5803665,5739130
8,52,1,1.11376,1.1137,1.11352,18,16,24,6,1.1137,1.11356,51.91435191183896,48.08564808816104,282815373,27,29,28,30,16,8,25,3,22,10,8400000,7700000,7700000,7583333,6800000,6250000,6144928,5612245,5566667,5355016,-7,-8,16,12,-6,-10,-2,21,-1,11,10500000,7875000,7834783,7038261,7000000,7000000,6617647,6582222,6541667,5701099
8,53,0,1.11361,1.11357,1.1137,-13,30,1,4,1.11374,1.11359,50.60420618786505,49.39579381213495,264860495,3,8,9,10,12,13,7,6,-3,0,9635016,7636364,7437500,7318182,7152174,7000000,6296296,6000000,5914786,5659121,-26,-25,-3,-20,-24,-23,-12,-9,-4,-14,14000000,9333333,8278170,7411765,7411765,7388889,6395952,6347464,6278535,5917500
8,54,1,1.11373,1.11366,1.11357,9,19,16,7,1.11372,1.11358,45.185890890459966,54.814109109540034,255972979,17,22,12,19,16,18,21,1,6,15,14000000,9333333,9294118,8750000,7961538,7636364,7388889,7178884,6452015,5787879,-8,9,-12,-9,-10,3,8,0,-7,-2,7636364,7596429,7437500,7368421,7097222,6909394,6514094,6142724,6125000,5808824
8,55,1,1.11394,1.11372,1.11366,6,23,30,22,1.1138,1.11365,48.95120138257766,51.04879861742234,276249220,23,22,20,19,12,21,18,-3,7,10,7538462,7350000,7269231,7218750,7204959,7194444,6796296,6604444,5677468,5549310,1,-1,9,0,24,2,19,21,26,11,8750000,8750000,7640244,7269231,6841558,6772727,6235099,6203778,6171104,5594211
8,56,1,1.11386,1.1138,1.11372,8,70,14,6,1.11401,1.11382,49.03073723789356,50.96926276210644,279354021,15,5,13,16,14,-9,-15,-6,0,-7,7636364,7371579,7241379,7205882,7000000,6183025,5551042,4749822,4702324,4645477,1,-9,-28,-14,-19,-7,-27,3,-4,-13,10210132,6451463,6152381,6056946,5685012,5595146,5375000,5352973,5154324,4746073
8,57,1,1.1141,1.11393,1.1138,13,17,30,17,1.11395,1.11379,44.162281251717175,55.837718748282825,268136162,28,25,26,24,29,27,4,13,22,1,14000000,9333333,8166667,8000000,7000000,7000000,6556559,6528503,5527778,5456000,20,1,0,15,5,2,4,7,25,22,8910335,8000000,8000000,6227360,6000000,6000000,5653846,5646552,5394536,5037184
8,58,0,1.11396,1.11387,1.11393,-6,33,8,9,1.11404,1.11389,45.16022870289481,54.83977129710519,249062523,13,12,14,11,2,-2,-11,-8,10,7,7388889,7333333,7304348,7132075,6754672,6611547,6347812,6301458,5352941,5206061,1,-23,-22,-21,6,-12,-24,-14,-9,-3,7597767,7521739,6320000,5777778,5511348,5016711,4714286,4316456,4159644,4076707
8,59,0,1.11394,1.11386,1.11387,-1,44,21,8,1.11401,1.11383,47.65001350749792,52.34998649250208,389602133,28,27,26,-12,-9,16,-3,1,25,-1,8750000,7500000,7176471,6832908,6624585,6540433,6080830,6018359,5473684,5328412,-1,4,-31,-11,-29,-28,1,-16,9,16,7187996,6076125,5892857,5593624,5423077,5309524,5011278,4885538,4735079,4592337
9,0,0,1.11366,1.11357,1.11386,-29,46,11,9,1.11379,1.11365,45.42194065556328,54.57805934443672,413962207,-23,7,3,13,15,-3,-28,12,-15,4,11125714,8324286,8153226,7538462,7538462,7515833,6845745,6500000,6491624,6431214,-37,-36,-34,6,-24,-4,8,-29,2,-12,8166667,7466667,7350000,6933577,6788043,6066667,5691919,5512821,5177536,4762570
9,1,1,1.11394,1.11384,1.11357,27,19,51,10,1.11374,1.11359,50.84628488326705,49.15371511673295,488339043,53,4,56,39,30,50,54,51,44,49,14000000,9135509,8750000,8049204,7288889,7241379,7225806,7194444,6913228,6722892,-9,39,48,-8,4,14,-7,34,19,28,10500000,9812976,9543868,8400000,8168412,7871617,7777778,6546943,6148625,5900976
9,2,0,1.1137,1.11365,1.11384,-19,55,1,5,1.11394,1.11378,51.22226007173201,48.77773992826799,430937623,-15,11,-30,12,-24,9,-33,-20,-5,0,7670790,7142857,7057317,7000000,6864008,6620690,6567964,6207917,5882924,5834831,-50,-3,-46,-48,-47,-35,-10,-20,-30,-5,9333333,8552411,7437500,7368421,7350000,6921065,6435204,6121336,6002289,5910534
9,3,1,1.11383,1.11374,1.11365,9,18,28,9,1.11374,1.1136,44.50260648704752,55.49739351295248,360855812,35,20,24,36,34,32,33,9,14,31,10500000,8934375,8759375,8000000,7700000,7437500,7411765,6660393,6443280,6000000,-9,10,23,18,13,19,8,26,-7,3,8166667,7172562,7033444,6931635,6436152,6319198,5932021,5288742,5255814,5192181
9,4,1,1.11393,1.11387,1.11374,13,19,19,6,1.11392,1.11376,49.061992179451366,50.93800782054864,250144343,24,7,23,17,12,0,22,21,13,5,8166667,8026509,7318182,6283217,5762177,5338710,5277778,5195652,5057820,4867082,3,-13,-11,-9,-12,-6,-10,13,-2,14,8827627,7875000,7170732,6225000,6166667,5640316,5111111,5069914,5034086,4882890
9,5,1,1.11423,1.11411,1.11387,24,70,38,12,1.11416,1.11396,50.50635213480992,49.49364786519008,404409868,40,22,36,39,37,31,-4,35,32,13,8000000,7332143,7318182,7241379,7134615,6497742,6412308,6166667,5711340,5702297,33,24,-2,-7,15,-11,30,1,13,-3,8505000,6993425,6865196,6280000,6256479,5875000,5632399,5355257,5316456,5081633
9,6,0,1.11423,1.11406,1.11411,-5,29,24,17,1.11417,1.11403,44.84930863458344,55.15069136541656,296127916,22,21,19,-9,17,18,20,8,11,1,10500000,10500000,8000000,7744485,7058824,6421053,6230769,6198847,5401235,4828213,-12,-11,-9,-2,3,15,4,5,-7,0,7538462,7250000,7166667,6208216,5324194,5271992,4748558,4674378,4627907,4373770
9,7,1,1.11418,1.11415,1.11406,9,21,12,3,1.11421,1.11406,47.54389110383344,52.45610889616656,257842171,24,21,20,23,0,19,18,15,17,5,9333333,8400000,8000000,7875000,7551024,7318182,7000000,6716981,5852941,5581378,-18,-17,-14,-16,-7,-2,9,4,3,0,8000000,7333333,7127273,7071429,6520110,5541967,5304000,5222556,5147649,4942226
9,8,1,1.11431,1.11424,1.11415,9,28,17,7,1.11432,1.11417,51.23188042231682,48.76811957768318,302917794,23,26,0,-9,9,-8,17,4,14,-3,10500000,8750000,8485019,7881910,6107895,5176339,5114286,4993832,4768908,4717157,-21,-12,-17,-19,-18,-16,6,-3,-15,-4,7466667,7416268,7304348,7280000,7241379,7194444,6916719,6096750,6039474,5391060
9,9,0,1.11419,1.11407,1.11424,-17,40,8,12,1.11428,1.11412,48.15300886125963,51.84699113874037,307568801,11,12,-8,10,-17,9,6,-13,-3,5,9333333,9333333,8478161,7700000,7435731,7152174,5934426,5821145,5735963,5303797,-28,-26,-25,-24,-15,-22,-6,-16,4,-3,8750000,7388889,7112903,6933333,6661310,6410256,5928473,5814865,5561413,4972835
9,10,1,1.11435,1.11426,1.11407,19,23,28,9,1.11431,1.11415,50.980904577980056,49.01909542201994,323179346,2,26,25,11,23,24,28,22,16,6,9133596,8750000,7875000,7792715,7500000,7500000,7318182,7269231,6034490,5733796,-11,-13,-14,-10,-9,1,-8,-12,10,-5,10500000,9333333,8750000,7350000,7205882,7076939,7016667,7000000,6988983,6126761
9,11,0,1.11436,1.11426,1.11426,0,26,11,10,1.11438,1.11423,51.09676661631726,48.90323338368274,263199386,14,13,2,15,12,6,9,8,11,-7,10500000,8166667,7721614,7636364,7538462,7021970,6666667,6666667,6632911,5940994,2,-16,-13,-14,7,-10,-12,-11,-9,8,8247935,7500000,7437500,7333333,7287050,7241379,7233333,7212121,6897959,6702410
9,12,1,1.11453,1.11428,1.11426,2,57,27,25,1.11458,1.11443,48.05594246141696,51.944057538583046,463912015,13,10,8,9,7,-31,-5,4,6,-7,14000000,8166667,8166667,8000000,7500000,7235430,6956026,6948092,6827586,6437822,-29,10,8,-30,19,-2,1,-7,-17,-16,10500000,8791244,7836347,7636364,7192857,6810984,6696564,6206262,6190076,6010852
9,13,0,1.11436,1.1142,1.11428,-8,39,16,16,1.1144,1.11424,50.64234702156356,49.35765297843644,374413194,5,13,15,14,11,-4,-15,12,-10,9,9087172,7700000,7583333,7350000,7318182,7247600,7215417,7205882,6587212,6500000,11,-23,-7,-21,-20,-14,-18,-22,-17,-4,9667920,8166667,8110634,7437500,7411765,7398058,7218750,7000000,6487500,6452090
9,14,1,1.11452,1.1144,1.1142,20,27,32,12,1.11444,1.11428,48.558383063795056,51.441616936204944,339877701,35,16,34,25,32,5,7,31,18,20,10500000,8328871,7583333,7318333,7021739,6039394,5610714,5535714,5032558,5016068,27,7,12,22,9,-3,0,18,-8,-11,7901115,7483243,7355172,6449453,6334387,6076923,6004712,6003069,5166667,4733333
9,15,1,1.11455,1.11443,1.1144,3,56,15,12,1.11465,1.11441,49.531469017217,50.468530982783,227995061,3,-7,-2,8,-12,10,7,5,-5,4,6193466,5155896,4934864,4837209,4648585,4382979,4117318,4006329,3972841,3704164,-10,0,-5,3,5,-1,1,-15,-6,-11,6422189,5907306,5865896,5343877,5206913,3907227,3542581,3442308,3322518,3310995
9,16,0,1.11273,1.11265,1.11443,-178,410,52,8,1.11346,1.11323,47.95416198803256,52.04583801196744,1051156146,-165,-164,-157,-149,57,-163,-109,-175,-30,50,9333333,8400000,8250000,7500000,6046512,5800000,5600000,5318182,5004667,4633852,-182,-192,-56,32,-52,23,-186,-12,-3,6,7279070,7153846,6039010,4152056,4138846,4063552,4047619,4034738,4016101,3901768
9,17,0,1.11221,1.11212,1.11265,-53,99,17,9,1.11258,1.1124,49.64162033480679,50.35837966519321,680532613,-63,-28,23,-73,-10,-23,-3,-18,21,-54,6960446,6469749,6434783,5814724,5811212,5804412,5639881,5575149,5538462,5384875,6,-14,-4,-88,-24,-69,-90,-34,1,-79,8270898,7321596,7302885,7166667,6991314,6473201,6166667,6116861,6035111,5693182
9,18,1,1.11291,1.1128,1.11212,68,21,79,11,1.11258,1.11242,54.79914674641466,45.200853253585336,626434637,78,80,40,49,0,14,60,5,25,20,14000000,8500000,7180864,6505253,6278268,6268976,6079147,5909754,5594333,5592650,-9,1,56,-10,41,-8,11,-5,15,-6,14000000,10244186,9978058,9333333,9023214,8750000,7961474,7466667,7433049,7118644
9,19,0,1.113,1.1128,1.1128,0,25,57,20,1.11274,1.11258,54.20241324278454,45.79758675721546,503587624,40,52,51,49,25,23,5,35,30,50,9445212,7200000,7159091,7120690,7025620,6502015,6320735,6196739,6077228,5970588,-2,-4,50,30,1,24,-1,33,-3,5,14000000,14000000,11036364,8291253,7304348,7236050,7184211,7097526,7000000,6927245
9,20,1,1.11294,1.11286,1.1128,6,21,39,8,1.11281,1.11265,51.62207400855469,48.37792599144532,414793805,44,49,11,42,43,6,16,46,29,26,9333333,7875000,7354120,7205882,7000000,6686117,6105792,6102564,5987442,5590374,-13,-12,-1,18,-10,-9,14,9,-7,24,9333333,8400000,8048951,8007428,8000000,7411765,6842308,6813636,6666667,6458010
9,21,0,1.11283,1.11275,1.11286,-11,48,9,8,1.11299,1.11283,52.18674381175777,47.81325618824223,409575596,16,0,14,-20,11,13,12,5,-26,-25,8166667,7831485,7777778,7677947,7350000,7250000,7184211,6490031,6018049,5731535,-40,-35,-2,-28,-38,-37,-39,-32,-17,-34,14000000,9333333,8676433,8620769,7437500,7333333,7000000,6527778,6484731,6093750
9,22,0,1.11265,1.11255,1.11275,-20,42,31,10,1.11265,1.1125,49.53335152128041,50.46664847871959,491083461,-20,37,35,36,34,-2,33,24,10,25,11946108,9333333,8166667,7500000,7500000,7100493,6666667,6454472,6235102,6153030,24,-20,-31,-29,-32,-30,15,-27,-5,-21,10276582,8634848,7777778,7538462,7466667,7388889,7332573,7166667,6789474,6223944
9,23,1,1.11285,1.11278,1.11255,23,27,30,7,1.11283,1.11268,54.227110731296094,45.77288926870391,381098971,33,3,12,30,32,13,23,21,8,-2,14000000,7938153,6591335,6470588,6312500,5865758,5781319,5531056,5049719,5003972,-20,9,0,-18,-19,-16,-17,-15,-9,-14,9333333,9222192,8228421,7875000,7777778,7269231,7000000,6958333,6338579,6258065
9,24,0,1.11276,1.11268,1.11278,-10,36,8,8,1.11286,1.11272,56.83132822149719,43.16867177850281,319067739,12,14,-17,-7,2,13,11,-18,-9,3,7350000,7318182,7029060,6641492,6416667,6270833,6233871,5185526,5127168,5026385,-28,-23,-22,-26,0,-9,-27,-21,-25,-18,14000000,10500000,9333333,9333333,8380043,8242086,7875000,7538462,7538462,7212575
9,25,0,1.11255,1.11245,1.11268,-23,49,5,10,1.11271,1.11254,51.79906142544179,48.20093857455821,386528909,9,-30,8,-21,14,10,0,-12,-27,-25,8166667,7895000,7350000,7258901,7000000,6346154,6316049,6277635,5415758,5200000,-39,-21,-35,-36,-32,-12,-34,-31,-33,-10,8400000,8359524,7636364,7636364,7466667,7259441,7241379,7189189,7000000,6670492
9,26,1,1.11274,1.11263,1.11245,18,24,29,11,1.11268,1.11254,49.36679336086739,50.63320663913261,355317500,24,-3,28,25,32,27,13,6,-6,3,8000000,7878028,7583333,7500000,7000000,7000000,6345875,6230213,5910606,5867987,-2,-9,7,19,-8,-12,-11,-13,4,14,8344208,7583333,7557989,7490000,7466667,7411765,7200000,7088608,6851667,6819261
9,27,1,1.11278,1.11271,1.11263,8,34,15,7,1.11282,1.11265,43.38579288333528,56.61420711666472,294970760,22,23,19,20,21,5,18,-4,15,-10,14000000,8750000,7500000,7000000,7000000,6864205,6807692,6777698,6031532,5911111,2,-21,-7,-19,-2,8,-22,11,-9,-18,9492476,7777778,6544556,5722222,5547567,5206704,5176471,4479167,4287075,4280000
9,28,0,1.11259,1.11252,1.11271,-19,37,4,7,1.11271,1.11256,49.42086744526004,50.57913255473997,270546870,2,12,10,9,8,-17,-14,-18,-5,-8,8381503,7777778,7700000,7291667,7000000,5980000,5796930,5584360,5472824,4992379,-28,-17,-30,-27,-8,-24,-23,-21,-26,-11,8750000,8480867,8400000,8000000,5837912,5576923,5461538,5381356,5054054,4909250
9,29,0,1.11248,1.11237,1.11252,-15,37,4,11,1.11259,1.11244,49.86493348665039,50.13506651334961,218833664,8,7,-8,6,4,-13,2,1,-15,-6,8750000,7166667,6669051,5260870,5000000,4773795,4725490,4612245,4357870,4196660,-25,-22,-12,-2,-7,-24,-17,-19,-5,-8,7666667,6883721,6645477,5672199,5367869,5333333,4835227,4531250,4046922,3950000
9,30,1,1.11264,1.11242,1.11237,5,65,27,22,1.11262,1.11242,53.36758690458877,46.63241309541123,251908332,-13,20,7,2,-3,12,-8,-14,11,13,7875393,6416667,6205870,5799277,5602769,5046909,3807205,3577869,3252591,3153448,-6,-43,-1,-18,14,23,9,4,19,-3,11234783,8750000,8295550,7000000,6565217,5070690,3861468,3616607,3396246,3098641
9,31,0,1.1098,1.10963,1.11242,-279,455,29,17,1.1111,1.11073,53.09896295531369,46.90103704468631,973338192,-253,-221,26,-208,-22,22,-204,17,18,13,10000000,8285714,6559434,6000000,4767224,4612205,4166667,4147922,4145561,3961502,-333,-243,-280,-329,-322,-318,-240,20,-242,2,8166667,8000000,7111111,7000000,7000000,7000000,7000000,5391509,4666667,4443732
9,32,0,1.10922,1.10906,1.10963,-57,105,20,16,1.10956,1.10938,49.52171544447511,50.478284555524894,599847197,-79,-18,-9,6,-59,-34,-69,-4,1,17,8127438,7605304,7065447,6591968,6394477,5887373,5740494,5502731,5030534,4590909,-38,-3,6,-8,-18,-29,-87,2,-73,-13,7043160,6530026,6320867,6167920,5848385,5688701,5571429,5167692,5144200,5078452
9,33,0,1.10912,1.10892,1.10906,-14,37,48,20,1.10897,1.10878,49.882102021848006,50.117897978152,428798702,49,48,45,12,-18,2,44,-8,22,-5,8400000,7636364,6644444,6101479,5795679,5795197,5483871,5160884,4700099,4635710,-17,-16,-13,31,-15,-4,40,22,17,37,8166667,8142857,7809375,7451953,7437500,6041935,5743780,5445724,5009779,4831793
9,34,1,1.10931,1.10919,1.10892,27,41,39,12,1.10926,1.1091,51.48714873157556,48.51285126842444,452270298,42,4,-11,40,43,-5,-16,-1,13,22,9333333,7695539,7197119,7000000,7000000,5869326,5484854,5072352,4774684,4638183,-25,-27,-29,-26,-14,15,1,6,-20,11,15000000,8166667,7700000,7466667,7459340,6839742,6011469,5967223,5219689,5123893
9,35,0,1.10822,1.1081,1.10919,-109,132,20,12,1.10871,1.10854,50.036108959576616,49.96389104042338,947583381,-105,-87,21,-65,-35,23,22,-96,-60,-100,9774033,7738199,7583333,7582813,7460106,7304348,7280000,6932946,6719781,6508333,-118,-117,-68,-120,-59,-24,-88,-94,-33,-73,9333333,9333333,8426042,8400000,8128235,7758069,6671512,6654362,6611168,6448995
9,36,0,1.10819,1.10809,1.1081,-1,54,17,10,1.10831,1.10814,52.00278811297488,47.99721188702512,467002597,22,24,26,-21,23,9,20,21,-11,4,8750000,7388889,7368421,7191233,7109375,6766957,6666667,5906250,5661332,5652480,-42,-40,8,-39,-27,-38,-44,-41,-1,-37,9333333,8750000,8743799,7291667,7146215,7142857,7000000,7000000,6642907,6488889
9,37,0,1.10762,1.10739,1.10809,-70,91,14,23,1.10789,1.10773,50.999429264268365,49.00057073573164,618480639,5,-18,6,3,2,-62,-9,-41,1,-21,7636364,7270603,7142857,7095890,6669811,6412186,6379630,6311171,5835443,5787113,-67,-64,-49,-5,-65,4,-62,-61,-31,-60,14000000,8750000,7431904,7403975,7280000,6537502,6485294,6361111,6331811,5877551
9,38,1,1.10783,1.10773,1.10739,34,45,44,10,1.10783,1.10769,50.17874407174918,49.82125592825082,497547690,34,18,-17,38,28,-10,-7,3,8,-12,7166667,7067234,6928784,6808511,6643085,6541742,6297433,6088578,5882609,5801823,-35,-34,13,18,28,-19,-7,-10,-12,7,8750000,8555556,6612583,6434307,6398496,5539470,5460507,5301491,5294420,5181325
9,39,1,1.10807,1.10787,1.10773,14,41,45,20,1.10796,1.1078,50.397895015643705,49.602104984356295,492672545,-13,36,39,2,27,32,-3,37,-18,-8,7705911,7538462,7071429,7023776,6669094,6524444,6280029,6250000,6227754,5738871,-20,31,-21,-16,7,22,-8,-13,-4,2,8750000,8069955,7368421,7230769,6865905,6603639,6357273,6180328,5633981,5545283
9,40,1,1.10806,1.10798,1.10787,11,21,30,8,1.10797,1.10781,48.74151976309496,51.25848023690504,339979594,36,37,28,34,35,23,13,18,33,15,14000000,8750000,7293919,7125000,7000000,6665605,6542659,6478881,5846154,5795685,-10,-11,-13,-12,6,11,13,-2,16,4,8166667,7777778,7000000,7000000,6155442,5902868,5899322,5438462,5192182,5060229
9,41,0,1.10804,1.10797,1.10798,-1,29,50,7,1.1079,1.10773,51.44828724797313,48.55171275202687,513787131,59,32,42,12,40,2,47,17,49,5,7000000,6891231,6612360,6358836,6042197,5771168,5625490,5555497,5129237,5016450,-7,44,14,4,28,9,19,24,37,-20,7658358,6876033,6803947,6473842,6264355,6019697,5994400,5776289,5705172,5619048
9,42,1,1.1082,1.10813,1.10797,16,37,33,7,1.10819,1.10802,48.12040638214098,51.87959361785902,484282502,42,41,-14,37,39,30,-5,-2,28,33,10500000,8166667,7747888,7538462,7333333,7265741,7097078,6619377,6460245,6027174,-28,-29,-30,27,-5,-10,9,18,5,-23,8750000,7700000,7000000,6774699,6152601,6136275,5732483,5676884,5339431,5337500
9,43,0,1.10799,1.10783,1.10813,-30,67,13,16,1.10818,1.10799,51.40913389215162,48.59086610784838,428661466,10,-44,-35,9,-12,-32,-27,-9,-17,4,7166667,6436000,6160698,6125000,5965503,5818460,5776968,5594926,4788299,4737226,-50,-51,-49,-47,-3,-12,-1,-39,-6,-26,14000000,8750000,8400000,7400000,6256772,5698336,5351365,4814286,4489582,4468410
9,44,0,1.10794,1.10772,1.10783,-11,52,24,22,1.10797,1.1078,53.26728424551211,46.73271575448789,422203257,-33,7,16,-18,-20,-13,-29,-23,18,6,7791667,7064378,6714286,6471698,6009168,5681614,5590164,5589316,5578947,5282007,-30,-29,-27,-28,-21,-17,18,-8,-22,-26,9333333,8166667,7700000,7636364,7512821,7433831,7321260,7146366,7090909,6722222
9,45,1,1.10794,1.10783,1.10772,11,28,31,11,1.10784,1.1077,48.383385219083,51.616614780917,305627912,31,35,32,18,29,8,26,17,0,13,8750000,7700000,6736842,6552469,6021978,5668589,5444674,5315926,5051181,4557335,18,24,27,9,1,4,21,14,30,-8,7616162,7198684,6909709,5755263,5377865,4768362,4663979,4572622,4300000,4241935
9,46,1,1.10806,1.10799,1.10783,16,40,23,7,1.10814,1.10797,49.484955624326375,50.515044375673625,416133852,19,28,-19,26,29,-2,-1,16,-6,-11,8633333,8400000,7711066,7500000,7000000,6885737,6281481,6145038,5894501,5824887,-32,-31,-33,11,-5,13,6,-9,-14,1,8400000,7171875,7000000,6772289,6341566,6166667,6150000,5965120,5598837,5256261
9,47,1,1.10829,1.10822,1.10799,23,26,30,7,1.10825,1.1081,49.28017798422453,50.71982201577547,369431393,35,32,-5,34,33,31,21,22,12,-3,8750000,8166667,7593468,7538462,7388889,6900000,6393578,5369515,5018600,4836252,18,-18,-19,9,6,-17,-1,-8,-14,-15,8893039,7700000,7212121,6219068,5582012,5175439,5114286,4998592,4937008,4855556
9,48,0,1.10814,1.10805,1.10822,-17,64,8,9,1.10838,1.10822,48.41754319424615,51.58245680575385,487682316,-40,14,5,-5,-10,-30,0,-13,10,4,9477561,7875000,7804196,7366972,7084112,6587154,6563981,6133858,6103448,6083333,-55,-54,-53,-32,3,-1,-51,-41,-26,2,10500000,7538462,7411765,6933514,6567500,6159615,5166667,5160332,4867078,4727559
9,49,1,1.10848,1.10838,1.10805,33,20,43,10,1.10832,1.10817,52.68553383230831,47.31446616769169,421313981,43,44,2,46,33,28,42,3,11,8,8750000,7636364,7616667,7466667,6287500,6037838,6023256,5879679,5764706,5172414,-9,-2,-10,-8,2,28,-7,37,4,20,14000000,8466667,7700000,7538462,7125328,7118512,6105263,5686331,5592558,5438524
9,50,0,1.10844,1.10827,1.10838,-11,61,13,17,1.1086,1.10842,46.78537746561277,53.21462253438723,444783854,15,14,-9,0,12,-18,-23,9,11,-38,10500000,8400000,7995074,7725298,7700000,7485823,6768174,6431373,6269231,5813228,-43,7,-44,-2,-41,-11,-31,-16,-8,-37,7583333,7159333,7000000,6638363,6277778,5960814,5247353,5196000,5171308,5133333
9,51,0,1.1083,1.10822,1.10827,-5,51,6,8,1.10848,1.10834,48.99374322622655,51.00625677377345,365760867,13,-23,11,-14,-18,7,10,-5,9,2,8166667,7289226,7052632,6609810,6425815,5492958,5420000,5407601,5243902,5174365,-43,-30,-39,-16,-7,-25,-20,-35,-42,0,10500000,6849491,6259259,6137071,6031579,5759732,5635352,5171875,5000000,4748773
9,52,1,1.10839,1.10825,1.10822,3,28,17,14,1.10838,1.10823,51.06784355907094,48.93215644092906,245161239,16,17,5,-2,0,-5,15,7,14,13,7179487,7102941,6068501,5811182,5715317,5600471,5568182,5532632,5151786,5102041,-13,-14,-12,4,-7,-10,12,11,-1,2,8000000,7368421,7142857,6170107,6121495,5627451,4817058,4808968,4694206,4601903
9,53,1,1.10847,1.1084,1.10825,15,26,22,7,1.10846,1.1083,49.94027670226046,50.05972329773954,427033519,26,32,-5,28,30,27,29,5,0,24,14000000,14000000,8576159,8400000,7562500,7538462,7350000,6584270,6430000,6190476,-18,-14,-19,-17,1,-8,10,-15,-16,-12,14000000,8750000,8750000,8400000,8246459,8069096,7852224,7636364,7500000,7304348
9,54,0,1.10837,1.10818,1.1084,-22,52,8,19,1.1085,1.10834,52.20069559661184,47.79930440338816,418934473,4,-27,1,2,5,3,-2,-17,-9,-22,10500000,8604755,8166667,7700000,7636364,7111111,6928571,6881221,6817593,6749703,-31,-33,-32,-18,-9,-29,-30,-28,-27,-26,14000000,10500000,9333333,8755836,7758219,7700000,7318182,7263158,7122807,6913793
9,55,0,1.108,1.10796,1.10818,-22,51,5,4,1.1082,1.10807,47.13199661622225,52.86800338377775,415585214,-31,15,-22,16,-9,18,13,14,-29,-14,8533766,8400000,8160274,7777778,7736246,7000000,6540541,6083333,5432927,5341390,-37,-47,-43,-46,-40,-2,-11,-38,-20,-27,8310599,7583333,7538462,7194444,6568966,6290291,5370504,5144068,4941743,4912000
9,56,0,1.10808,1.1079,1.10796,-6,28,52,18,1.10784,1.1077,45.39979005433336,54.60020994566664,468471684,48,49,47,40,44,-2,45,46,0,43,14000000,14000000,9333333,8927273,8750000,7755459,7368421,7291667,7273469,7145833,41,-3,-4,-1,32,3,6,50,15,30,7918269,7291667,7291667,7179487,6528521,6080357,5850198,5260606,5174479,4800966
9,57,1,1.10805,1.10796,1.1079,6,36,15,9,1.10813,1.10797,46.69401008945504,53.30598991054496,319667612,22,17,-14,-4,11,1,-9,6,-5,15,8400000,7611111,6730508,6423197,6380795,6358354,6104603,5662651,4753265,4597015,12,-6,7,-15,-20,-25,-8,3,11,-11,6529412,5511265,5437805,5209127,5056818,4571429,4512857,4391045,4240845,4165556
9,58,0,1.10813,1.10783,1.10796,-13,37,23,30,1.10806,1.10788,42.43620354155206,57.56379645844794,253968369,11,-12,10,8,9,-2,-7,-17,5,6,7875000,7842105,7777778,7700000,7700000,6604317,6584137,6495272,6134615,5931818,2,15,20,13,-1,8,10,16,18,6,8642857,6263938,6173684,5723765,5255814,4997368,4707728,4514352,4492509,4469455
9,59,0,1.10794,1.10781,1.10783,-2,38,11,13,1.10804,1.10786,41.347350299749536,58.652649700250464,272553886,12,8,11,10,7,9,6,-4,5,-11,9333333,7700000,7411765,7333333,7155556,7127273,6792453,6112130,6088889,5953619,-17,-11,-8,-6,1,-20,-1,-10,-19,-14,7740179,6137011,5915765,5397458,5221053,4923077,4222305,4168466,4161364,4050673
10,0,1,1.10818,1.10796,1.10781,15,44,37,22,1.10813,1.10793,49.79142556425424,50.20857443574576,334298639,28,26,25,30,6,-14,1,13,-4,16,14000000,10500000,7875000,7000000,6527700,6014440,5521914,5414953,5338710,5281667,-22,-19,25,16,23,7,3,13,22,28,8000000,7100000,7044526,6994265,5674737,5458762,4873870,4774468,4658442,4635780
10,1,1,1.10809,1.10797,1.10796,1,131,13,12,1.10854,1.10829,54.0379112556632,45.9620887443368,538455655,40,6,8,9,-13,-21,-48,-39,-33,-23,14000000,7777778,7542857,7000000,4868919,4660668,4628059,4504505,4064889,3997130,-111,-103,-107,-116,-119,-102,-109,-95,-86,1,14000000,9333333,9333333,8750000,8750000,7000000,7000000,7000000,5000000,4534483
10,2,0,1.10803,1.10796,1.10797,-1,42,36,7,1.10803,1.10787,55.9553312425455,44.0446687574545,466919368,30,33,-5,4,13,40,6,11,-4,16,7135410,5926829,5869896,5650112,5334824,4709677,4497908,4367954,4281454,4151381,-31,-34,-35,-32,-27,10,1,9,-8,-20,10500000,8400000,7318182,7159091,6800000,6199548,5284101,4909859,4658591,4508759
10,3,0,1.10779,1.10765,1.10796,-31,70,18,14,1.10798,1.10783,49.00786280109226,50.99213719890774,568586684,-18,5,18,19,17,-27,-40,-35,10,15,10022472,7985052,7437500,7411765,7291667,6643820,6375769,6366742,6054945,5955556,-52,-56,-53,-54,3,-32,9,-46,-51,-14,14000000,8750000,7538462,7233333,7020183,7011963,6594485,6211386,5931818,5819608
10,4,1,1.10806,1.10792,1.10765,27,20,46,14,1.10786,1.10773,47.8382520951734,52.1617479048266,402654143,7,44,37,45,46,42,22,0,19,35,8762376,7636364,7485075,7437500,7269231,6133333,6087330,5754545,5228448,5157514,-5,-3,-6,30,41,13,4,-2,26,6,8750000,8166667,7333333,6412371,5985507,5689444,5635149,5478261,5029577,4973892
10,5,0,1.10785,1.10772,1.10792,-20,43,18,13,1.1079,1.10776,47.872719021908,52.127280978092,369424471,22,21,20,18,-11,17,2,-20,7,15,9333333,8000000,8000000,7050000,6693531,6547170,6411824,5962651,5955340,5656566,-28,-30,-27,9,-10,-26,-8,0,-17,5,14000000,9333333,7205882,7159125,6565361,6352941,6045373,5998127,5865641,5473935
10,6,0,1.10772,1.1076,1.10772,-12,33,5,12,1.1078,1.10763,51.07275825416371,48.92724174583629,241009425,7,6,8,9,10,-6,-5,5,0,3,10500000,7089744,7066667,7064220,6731707,6234181,5455642,5168675,5028520,4873862,-18,-19,-21,-16,-17,-4,-8,4,-15,5,10500000,8166667,7700000,7233333,7184211,6302728,5014151,4833424,4648649,4447839
10,7,0,1.10768,1.10759,1.1076,-1,34,8,9,1.10779,1.10763,47.11857116719062,52.88142883280938,235305291,-1,6,8,7,5,-7,4,-6,-11,-13,7513854,7466667,7333333,7205882,7094595,6328479,5908257,5012848,4932924,4907216,-25,-8,-21,-23,-20,-12,-18,1,-16,-10,8000000,7618009,7269231,7179487,6563830,5787037,5048780,4744795,4231034,4227619
10,8,0,1.10762,1.10755,1.10759,-4,28,11,7,1.10767,1.10752,52.89314689865996,47.10685310134004,278281497,17,18,14,-2,-10,-11,16,5,11,12,7700000,7636364,7082353,6809161,6259375,5902439,5660000,5370574,5340278,5321429,-19,-20,-18,-21,-17,-15,-16,4,-3,-14,9333333,8000000,7875000,7700000,7636364,7333333,7259259,7103550,5816770,5741071
10,9,1,1.10803,1.10786,1.10755,31,21,48,17,1.10783,1.10767,49.31470383936173,50.685296160638266,451176685,44,43,45,42,41,1,40,3,20,29,10500000,8400000,7875000,7437500,7437500,7332877,7291667,7208191,6891331,6280065,-4,-2,-1,27,0,-3,18,10,36,15,8400000,7583333,7437500,7212672,7170732,7166667,6455385,6422995,6370290,5487591
10,10,1,1.10814,1.10809,1.10786,23,21,33,5,1.10806,1.1079,50.79163724856976,49.20836275143024,432918045,43,37,38,40,41,17,24,14,36,35,7777778,7538462,7500000,7500000,7000000,6175442,5879093,5835391,5750000,5692308,-16,-15,-14,-11,21,-13,-10,-12,3,-9,14000000,7875000,7700000,7700000,7419388,7333333,7291667,7280000,6042244,5904762
10,11,1,1.10829,1.10821,1.10809,12,22,23,8,1.10824,1.1081,52.13495900902844,47.86504099097156,321436148,27,30,26,25,29,11,1,21,23,6,10500000,8400000,7189189,7175000,7162791,6368676,6279070,5483092,5370690,5342796,-13,-12,-9,-14,-10,-11,18,-1,-6,9,14000000,9333333,8400000,8400000,8400000,8166667,7440000,6523917,5410256,4428341
10,12,0,1.10826,1.10816,1.10821,-5,25,13,10,1.10826,1.10811,52.51409746434933,47.48590253565067,231680139,-4,17,18,1,6,11,15,4,-6,-2,8055208,6844156,6100000,5838869,5447850,5298851,4975962,4902621,4615789,4608257,-13,-15,-12,-11,-5,6,8,-6,-3,-8,10500000,8000000,7411765,7269231,5611111,5038622,4908515,4644231,4593960,4566667
10,13,0,1.10805,1.108,1.10816,-16,46,0,5,1.10825,1.10809,44.357446295545465,55.642553704454535,372701672,9,10,12,8,5,-1,4,11,-5,-10,14000000,14000000,9333333,8750000,7916667,7903571,7000000,7000000,6941860,6913793,-39,-37,-41,-38,-6,-36,-11,-10,-13,-25,9333333,7269231,7205882,7184211,6956667,6928571,6224889,5753548,5169858,4988259
10,14,1,1.10812,1.10807,1.108,7,26,18,5,1.10814,1.10798,49.738677081174906,50.26132291882509,349366984,25,28,26,6,21,-3,7,2,18,12,8750000,8400000,7500000,7172226,7076923,6280169,6107694,5972056,5532258,5472621,-18,-21,-16,-19,-15,-17,1,-14,-12,10,10500000,8000000,7636364,7538462,7269231,7194444,5855243,5700000,5686275,5535652
10,15,0,1.10794,1.10781,1.10807,-26,43,10,13,1.10804,1.10789,43.29005055336783,56.70994944663217,376975478,10,11,-20,12,1,-24,7,-11,5,9,14000000,10500000,7962559,7875000,7763736,7739990,7700000,7435294,7280000,7000000,1,-27,-30,-29,-28,-26,9,-21,-17,-18,7781496,7388889,7291667,7189189,7140000,7071429,6862500,6710145,6582804,4964315
10,16,0,1.10777,1.1077,1.10781,-11,32,10,7,1.10784,1.1077,47.64304420396165,52.35695579603835,347007314,17,18,4,16,15,-13,0,-10,-5,14,14000000,10500000,9210204,7437500,7170732,6951852,6869917,6788732,6631310,6083333,-23,-22,-25,-21,-19,1,-13,-17,-3,-18,10500000,8000000,7700000,7269231,6676471,6657937,5986624,5757576,5724539,5681818
10,17,1,1.10784,1.10778,1.1077,8,38,14,6,1.10794,1.10779,49.68660032768416,50.313399672315846,367752299,-5,19,16,21,-14,15,-2,3,-4,-12,8705310,8166667,8166667,7000000,6511364,6166667,6010099,5912733,5904880,5788991,8,-32,-30,-29,-18,-28,-9,6,1,-27,9772000,7875000,7636364,7318182,6573571,6444444,6429722,6013636,5706332,5550000
10,18,1,1.10784,1.10779,1.10778,1,35,6,5,1.10796,1.1078,46.257807423465685,53.74219257653432,283781200,14,15,-13,-4,4,-11,13,-6,8,-1,14000000,7777778,7640280,7390546,6592937,6463634,6409091,5612745,5586538,5528634,-28,-29,-30,-25,-16,-18,-6,-27,-1,-4,7538462,7280000,7233333,6298507,5511340,5350302,5042593,4754098,4408571,4395455
10,19,0,1.10785,1.10778,1.10779,-1,33,9,7,1.10792,1.10777,45.70054523969967,54.29945476030033,286547183,14,17,16,15,-2,-12,8,9,13,7,10500000,8400000,7777778,7583333,6914893,6715370,6594203,6433628,6214286,5808333,-22,-24,-5,-21,-26,-17,-12,-14,-15,-3,7368421,7368421,7312191,7166667,7000000,4975000,4903015,4889157,4752033,4615461
10,20,0,1.10785,1.10768,1.10778,-10,32,25,17,1.1078,1.10764,51.89315140767234,48.10684859232766,357941075,22,21,23,20,-7,2,3,-2,8,11,14000000,8750000,7538462,7350000,7232997,6943786,6542116,6295864,5801688,5705882,-15,-12,-14,9,-9,-13,-11,-10,18,-5,10500000,8750000,8750000,7505508,7411765,7388889,7350000,7280000,6012632,5977273
10,21,1,1.10797,1.1079,1.10768,22,41,29,7,1.10807,1.1079,52.195581352744334,47.80441864725567,441218791,21,19,22,18,-2,5,0,7,-10,-15,14000000,14000000,9333333,8400000,6951362,6780000,6533789,6509884,6363406,6283833,-32,-34,-33,-27,-26,-31,-28,-30,-25,-29,7875000,7636364,7583333,7333333,7269231,7250000,7233333,7218750,7205882,7142857
10,22,0,1.10787,1.10781,1.1079,-9,37,7,6,1.10798,1.10781,50.85900421408392,49.14099578591608,363569171,-2,17,-9,13,15,11,12,-11,-14,-4,8513000,8166667,8104135,7583333,7538462,7388889,7333333,7320467,6761232,6613035,-31,-26,-27,-29,-18,-15,-24,-28,-30,-25,9333333,8400000,8000000,7466667,7366412,7323319,7269231,7233333,7218750,7212121
10,23,1,1.10806,1.10799,1.10781,18,21,35,7,1.10794,1.10779,50.65251419993813,49.34748580006187,430592545,45,43,42,34,19,33,16,0,-2,7,9333333,8166667,7875000,7856322,7701232,7283898,6846185,6506494,6000000,5719512,-10,-14,6,-12,-9,11,30,4,1,16,14000000,9333333,7861039,7700000,7500000,7437079,7436792,6900769,6717172,6707963
10,24,1,1.10808,1.10801,1.10799,2,32,9,7,1.10818,1.10803,53.628471986837866,46.37152801316213,266260730,13,0,12,1,11,10,-9,2,-4,9,8400000,8258958,7466667,7238525,7134615,7028571,6360843,5630021,5420155,5247423,-25,-3,-19,-21,-20,-23,-22,-12,-16,3,10500000,8670577,7777778,7583333,7500000,7437500,7368421,7254118,5617021,4873171
10,25,0,1.10807,1.10801,1.10801,0,26,9,6,1.10813,1.10797,52.87208681917945,47.12791318082055,283378951,18,15,14,16,13,12,6,0,11,-7,8400000,8166667,8000000,7700000,7500000,7114754,6859873,6856831,6369863,6076190,-19,-14,-18,-20,-16,-17,-13,-15,-4,-11,9333333,8400000,8400000,8166667,8166667,7700000,7291667,7166667,6949865,6306452
10,26,0,1.10811,1.1079,1.10801,-11,45,12,21,1.10818,1.10803,48.6878097712918,51.3121902287082,309588687,3,-11,5,4,-5,2,-25,1,-20,-1,8400000,7990351,7350000,7269231,6821637,6782609,6645161,6346939,6291391,6172414,-24,0,9,-22,-14,6,-9,-21,-4,-7,10500000,7571205,6856129,6653846,5990566,5749843,5337019,4929825,4912778,4866484
10,27,1,1.10827,1.10816,1.1079,26,30,37,11,1.10823,1.10808,50.83531963390848,49.16468036609152,409729026,21,-4,-11,26,33,28,30,31,27,6,8984164,8761603,8398031,8327586,7700000,7636364,7466667,7162791,7071429,6862069,-17,25,-19,-8,-16,16,22,-13,-3,8,14000000,8011278,7636364,7583333,7500000,7468889,7294574,6428571,6197846,5966667
10,28,1,1.10834,1.10826,1.10816,10,22,18,8,1.10834,1.10821,45.3792382339097,54.6207617660903,237084956,-1,16,6,14,18,1,17,15,13,11,8732547,8000000,7928721,7318182,7318182,7310754,7250000,7205882,7109375,6403361,-14,4,-1,-12,-13,-10,-3,-6,7,-8,7304348,7300358,7092541,7042373,7018519,5870968,5066603,4981215,4583465,4551724
10,29,0,1.10834,1.10825,1.10826,-1,30,8,9,1.1084,1.10824,45.93345324004436,54.06654675995564,281976433,16,11,-2,5,14,13,12,10,0,15,9333333,8750000,7980324,7897887,7777778,7388889,7259259,7194444,7044513,7000000,-21,-19,-18,-17,-16,4,-15,-6,-1,-3,8000000,7875000,7388889,7218750,7058824,6451786,6451613,6340605,6093776,5023677
10,30,0,1.10809,1.108,1.10825,-25,55,12,9,1.10823,1.10797,39.55727777071817,60.44272222928183,503301676,21,31,24,29,23,26,38,28,19,43,14000000,14000000,9333333,8750000,8400000,8400000,8400000,7875000,7777778,7700000,-46,-33,-43,-34,-39,-32,-42,-2,-30,-21,8166667,8000000,8000000,7875000,7350000,7280000,7140000,6034440,5838710,5688214
10,31,0,1.10796,1.10779,1.108,-21,72,49,17,1.10787,1.10753,51.08210500407766,48.91789499592234,636843973,71,63,76,73,75,60,66,68,64,72,7700000,7583333,7466667,7411765,7368421,7280000,7269231,7259259,7200000,7159091,-34,-55,-30,-27,-22,-19,-24,-28,-20,-21,10500000,9333333,9333333,8400000,8000000,7700000,7583333,7411765,7368421,7350000
10,32,1,1.10809,1.10798,1.10779,19,39,30,11,1.10812,1.10795,51.30435519697736,48.695644803022645,392377821,29,25,18,27,3,-3,-12,23,13,8,8111111,6518519,6413603,6000000,5935855,5626188,5594595,5517241,5420824,5281496,-25,-28,-26,-24,-16,-2,-11,16,-22,-23,14000000,8750000,7437500,7411765,7199363,6943214,6125664,5665269,5548387,5400000
10,33,0,1.10804,1.10796,1.10798,-2,43,6,8,1.1082,1.10804,51.264171570085566,48.735828429914434,333842067,10,11,7,6,1,-22,0,4,5,-1,14000000,14000000,8142857,7875000,6204348,5744796,5575630,5489362,5083333,4936620,-35,-34,-31,-33,-26,-29,2,-28,-8,-27,14000000,14000000,8400000,7137255,5948387,5864407,5808333,5571429,5482165,5407407
10,34,1,1.10831,1.10825,1.10796,29,23,35,6,1.10824,1.1081,51.60357940587566,48.39642059412434,385748375,-2,7,40,35,34,24,30,0,20,25,7905738,7514706,7500000,6772727,6656250,6476119,6310976,6017500,6000000,5898955,29,-17,-16,-15,20,-6,16,11,19,-9,8318182,8166667,7388889,7189189,6974217,6884434,6879008,6623077,5258311,4981818
10,35,0,1.10816,1.10796,1.10825,-29,52,19,20,1.10823,1.10808,50.351260771695394,49.648739228304606,437380893,-22,-14,13,1,11,-31,10,-19,-17,-29,9260000,9044444,7333333,6681250,6625000,6429379,6148148,6125850,5825758,5813043,-32,14,-30,-28,-31,-25,-19,1,5,-27,10500000,7500948,7411765,7350000,7000000,6843750,6660185,6651351,6393613,6260870
10,36,0,1.10791,1.10775,1.10796,-21,57,20,16,1.10803,1.10787,50.4572659750269,49.5427340249731,480444997,-15,-17,-30,-8,18,14,-20,-4,16,-35,7476506,7395396,6862440,6779762,6695652,6568182,6268273,5940909,5842105,5339147,-41,-39,-38,-37,-14,6,-40,-20,-35,15,8400000,8166667,8000000,7583333,7132143,7053279,7000000,6790590,6728814,6096842
10,37,0,1.10761,1.10744,1.10775,-31,51,15,17,1.1077,1.10755,50.62918792688046,49.37081207311954,377792532,-22,12,13,5,-6,-11,-21,-8,7,-1,7903203,7777778,7466667,6560000,6183140,6090236,6027063,6015214,5947368,5507812,3,-33,-34,-15,1,-24,-28,13,-32,-4,9242424,8750000,8000000,6967040,6309804,6277778,6153846,5988571,5166667,5078182
10,38,0,1.10704,1.10695,1.10744,-49,91,2,9,1.10744,1.10727,51.33826874370688,48.66173125629312,602551583,-71,-50,-44,-62,-36,6,-18,-53,-9,-70,8596354,7514563,6760465,6198602,6053425,5904762,5869634,5835242,5719724,5582192,-81,-82,-80,-78,-79,-77,-54,-72,-56,-61,8000000,8000000,7777778,7159091,7000000,6791667,6543396,6523256,6055682,5798830
10,39,0,1.10708,1.10689,1.10695,-6,43,15,19,1.10712,1.10698,45.20283279226755,54.79716720773245,293790833,7,9,8,11,2,-15,-26,-1,3,-6,14000000,10500000,7368421,7350000,4971930,4943661,4869355,4846599,4773196,4632147,-20,11,-19,-16,-22,-6,-17,-10,-15,-9,6750000,6290000,5683333,5213675,4800000,4676707,4524272,4514419,4482026,4267690
10,40,1,1.10699,1.10692,1.10689,3,36,16,7,1.10705,1.10691,52.5405671417357,47.4594328582643,373492668,23,-12,19,21,2,12,18,5,20,-8,8400000,7487205,6500000,6333333,6180395,6154971,5937500,5837327,5806452,5724227,-29,-25,-28,-26,-24,2,-22,11,-21,-20,10500000,9333333,7777778,7700000,7583333,7485648,6850000,6792857,6375000,6200000
10,41,0,1.10694,1.10683,1.10692,-9,55,14,11,1.10709,1.10695,50.98347269132745,49.01652730867255,475832887,17,16,-4,12,15,-21,-7,-30,-2,-32,8000000,8000000,7478981,7466667,7241379,6816176,6747195,6666788,6348101,6250842,-43,-42,-44,-40,-39,-29,-41,6,-38,-3,9333333,8166667,8166667,8000000,7636364,7627414,7466667,6934703,6323077,5540253
10,42,0,1.10686,1.10675,1.10683,-8,50,7,11,1.10702,1.10686,53.47937389753018,46.52062610246982,386199914,11,12,-25,6,8,-29,-15,-5,-12,-20,8400000,7777778,7729814,7482673,6969697,6382640,6058994,5912269,5885121,5449893,-39,-33,-32,-34,-37,-29,-35,-2,-24,-28,14000000,14000000,8166667,7636364,7350000,7246835,7205882,6841379,6165517,5803593
10,43,1,1.10695,1.10686,1.10675,11,35,36,9,1.10689,1.10674,51.50305446181064,48.496945538189365,474536298,45,-1,-14,17,26,1,37,-4,-18,43,10500000,6452246,6172348,6138653,5644000,5570348,5562500,5470563,5320000,5181818,-22,-25,-24,-23,-26,-21,16,-15,7,-2,10500000,10500000,8166667,7636364,7636364,7437500,5999712,5984270,5787826,5780000
10,44,1,1.10711,1.10702,1.10686,16,24,25,9,1.10706,1.10691,51.14505471364149,48.85494528635851,348237377,25,28,26,-2,24,29,7,17,21,15,10500000,8750000,8400000,7309429,7089744,7000000,6612598,6235197,6017241,5871838,-9,-15,-13,-10,-14,-12,-4,-8,-7,-3,14000000,10500000,8400000,7777778,7700000,7129630,6592000,6087719,5690722,5532906
10,45,1,1.10732,1.10728,1.10702,26,20,30,4,1.10729,1.10713,46.59883832787958,53.40116167212042,351022111,30,35,24,29,33,31,32,15,8,6,14000000,9333333,8466667,8400000,7777778,7636364,7466667,7123877,6966555,6432990,9,-16,-14,0,18,-15,-13,11,2,17,9636008,8166667,7388889,7273549,7255634,7116667,7069307,4987089,4751081,4727778
10,46,1,1.10772,1.10761,1.10728,33,18,44,11,1.10754,1.1074,48.29716886284171,51.70283113715829,378659860,42,4,44,41,39,40,37,11,22,6,8750000,8067443,8000000,8000000,7777778,7241379,7145833,6734527,6459239,6134540,-7,-6,37,-5,14,-4,7,12,35,5,9333333,7333333,5896154,5750000,5567804,5435185,5222619,5015488,4878322,4835680
10,47,1,1.10777,1.10766,1.10761,5,27,16,11,1.10777,1.10762,47.9694564715685,52.0305435284315,268964734,19,20,11,16,18,15,6,0,9,1,8400000,8400000,7367550,7333333,7250000,6477273,6470018,5771150,5344058,5312343,-13,-16,-12,10,-11,1,-8,-3,-7,-9,10500000,7388889,7132075,6611765,6444444,6130730,5254545,5025090,4828571,4796296
10,48,1,1.10786,1.10777,1.10766,11,22,22,9,1.10782,1.10767,55.78504405665837,44.21495594334164,318968245,27,-3,2,26,17,7,12,11,23,16,8000000,6985075,6612329,6428571,5773649,5672447,5655706,5644848,5202020,5191489,-12,-11,-13,-9,19,-10,-8,-7,10,1,14000000,14000000,8750000,8166667,7639161,7388889,7159091,7129630,6486600,6263551
10,49,0,1.1077,1.10761,1.10777,-16,35,9,9,1.10779,1.10765,51.90712397293995,48.09287602706005,323350007,-9,1,13,11,14,6,-18,-14,10,-5,7543944,7357967,7259259,7225806,7189189,6932203,6311423,6046857,5642105,5633333,-24,-25,-26,-23,-15,-6,3,-10,-19,-20,14000000,10500000,7583333,7411765,6814160,6474198,6448908,6141790,6078947,6000000
10,50,1,1.10774,1.10765,1.10761,4,37,27,9,1.10774,1.10757,44.72848289609778,55.27151710390222,478758145,34,33,8,32,29,35,17,10,31,28,10500000,10500000,9516486,9333333,8400000,7700000,7620141,7454338,7368421,7304348,-21,-22,-20,-23,-16,16,-2,13,7,5,8750000,7636364,7466667,6540541,6266055,6100000,5780153,5399353,5303704,5237013
10,51,1,1.10783,1.10777,1.10765,12,25,18,6,1.10785,1.1077,47.57807225000489,52.42192774999511,239506835,11,23,22,12,-3,2,15,7,9,8,8302574,7411765,7269231,7240642,6018455,5364374,5352941,5174251,5153488,5153459,7,-11,11,-10,-12,12,-13,1,0,10,7586486,6770000,6282308,5735714,5695122,5683000,5410714,5356821,4399469,4141667
10,52,0,1.10758,1.10746,1.10777,-31,47,8,12,1.10772,1.10759,45.54190623187274,54.45809376812726,352669814,-31,9,-11,5,7,4,8,-14,-20,-29,8657895,7777778,7380920,7368421,7291667,7086207,7000000,6142577,6036403,5606383,0,-35,-24,4,-9,-33,-21,-30,-5,6,9196443,7388889,6408065,6230769,6006000,5625000,5411957,5333333,5224078,4961538
10,53,1,1.10776,1.10759,1.10746,13,20,30,17,1.10764,1.10751,49.758066477967866,50.24193352203213,251368845,24,21,22,2,20,18,17,14,12,9,7777778,7583333,7500000,7239123,6769231,6620690,5871429,5370370,4953441,4935407,18,-2,-3,-1,24,0,25,9,14,13,7875269,7350000,7189189,7184211,6702500,6203883,5437500,4988697,4952993,4866353
10,54,0,1.10773,1.10754,1.10759,-5,31,22,19,1.10769,1.10754,50.66303947749875,49.33696052250125,291074976,17,-12,16,-3,15,6,9,10,11,-7,8400000,8186567,7000000,6872881,6800000,6002119,5675439,5272727,5217391,5200000,-11,-12,-10,-8,6,-9,-3,15,11,-5,8750000,8400000,8400000,7388889,6675915,6533333,6176033,5867683,5204086,4972973
10,55,0,1.10742,1.10733,1.10754,-21,48,1,9,1.1076,1.10746,53.41778705042093,46.58221294957907,321642918,6,-22,-15,-24,-17,-27,-2,3,-6,-14,7269231,6660920,6576577,6051339,5747727,5649485,5488372,5442308,5415574,5244737,-36,-39,-37,-35,-38,-5,-34,-3,-16,-25,10500000,10500000,8750000,7538462,7000000,6311607,6250000,6000000,5891509,5480769
10,56,0,1.10726,1.10718,1.10733,-15,36,6,8,1.10738,1.10722,53.73135538106436,46.26864461893564,272537281,11,12,10,5,-2,3,-4,-3,-13,-15,8000000,7875000,7583333,5436782,4880795,4864583,4733051,4589431,4438953,4315900,-28,3,-6,-25,-27,-26,-24,-11,-23,-22,10500000,8047222,7427536,7411765,7304348,7280000,7269231,5648619,5466667,5431034
10,57,0,1.10724,1.10718,1.10718,0,28,8,6,1.10732,1.10718,57.37683874479868,42.623161255201325,247955698,14,15,8,12,5,-4,-7,-2,3,-9,7125000,7118644,6282143,5640000,5579367,5025134,5018757,4791284,4563356,4432743,-21,-22,-19,-20,1,-8,-17,-16,-15,-14,8750000,7875000,7368421,7318182,6782798,6312950,6105263,6083333,6000000,4942857
10,58,0,1.1073,1.10715,1.10718,-3,30,13,15,1.10731,1.10716,51.89077825525574,48.10922174474426,248040535,13,5,12,-7,11,8,7,-5,2,9,7500000,7457364,7350000,6522841,6520833,6482353,6410256,6143504,5941219,5861111,7,-14,-12,-11,-10,-15,-2,-8,10,-4,8993139,7333333,7142857,7050000,7037037,7000000,6527397,5585366,5193818,5190667
10,59,0,1.10717,1.1071,1.10715,-5,25,11,7,1.1072,1.10704,50.80149778102776,49.19850221897224,284862735,18,15,19,17,16,6,14,13,12,-5,8400000,8166667,8166667,8000000,7368421,7289275,7148936,7120690,7095890,6323656,-17,-13,-12,-6,3,-15,-16,-11,-18,-8,10500000,9333333,9333333,8736994,8481442,8000000,7777778,7125000,7000000,6426230
11,0,0,1.10714,1.10699,1.1071,-11,34,17,15,1.10715,1.10698,51.07667417356769,48.92332582643231,350789226,16,18,17,-5,15,19,4,12,-14,9,14000000,10500000,8166667,7275862,7241379,7000000,6502451,6038462,5930882,5691250,-16,-18,-19,0,-15,-14,-12,14,-13,-9,14000000,8750000,8750000,7975627,7700000,7538462,7166667,6835820,6772727,6503571
11,1,1,1.10743,1.10721,1.10699,22,24,48,22,1.10719,1.10706,54.43702185772803,45.56297814227197,410254853,38,37,8,11,17,6,-5,26,2,15,7615385,7066667,6632635,6152653,6084291,6070843,5852688,5779259,5470492,5246199,2,11,0,1,-2,6,5,20,-1,8,10500000,9061290,8750000,8400000,8000000,7777778,7777778,7078366,7000000,6733333
11,2,0,1.10721,1.10715,1.10721,-6,28,5,6,1.1073,1.10716,57.79758430532638,42.20241569467362,237313683,12,-5,-7,8,0,5,7,9,2,-3,7388889,7126295,6600472,6180000,6141966,5949239,5794118,5782609,4893491,4888730,-22,-16,-18,-2,-20,-19,-21,-15,-17,-14,8750000,8750000,8166667,8100973,7538462,7466667,7437500,7122807,7087500,6382353
11,3,1,1.1074,1.10732,1.10715,17,20,25,8,1.10736,1.10719,53.53568972298082,46.46431027701918,338339205,29,10,23,17,24,28,25,26,12,7,8166667,7826764,7777778,7625448,7538462,7437500,7437500,7280000,6460299,6020977,-12,-11,-6,17,8,10,-8,-9,-7,-5,10500000,9333333,8400000,8387029,7720447,7663265,7636364,7500000,7000000,6642857
11,4,1,1.10751,1.10744,1.10732,12,19,19,7,1.10746,1.10733,49.29766791275249,50.70233208724751,306233054,27,26,5,23,22,20,24,14,9,19,14000000,9333333,8436601,8000000,7700000,7437500,6878049,6597482,6142146,5812500,-12,-9,-8,-11,-7,9,-5,1,4,16,8166667,7583333,7538462,7233333,7225806,6834348,6444444,6399833,5781028,5357639
11,5,1,1.10758,1.10752,1.10744,8,17,14,6,1.10756,1.10742,48.237917129626,51.762082870374,249477455,19,21,13,4,18,20,16,15,7,2,14000000,9333333,9221875,8252008,7875000,7700000,7636364,7411765,6858182,6180769,-2,-6,0,-7,-11,-10,-9,3,-5,8,8564103,7700000,7584555,7466667,7318182,7225806,7152174,6540781,6320000,5983704
11,6,1,1.10789,1.10781,1.10752,29,23,39,8,1.10777,1.10763,50.866670415792434,49.133329584207566,448371195,44,46,45,43,42,-2,15,33,24,11,9333333,9333333,7875000,7636364,7125000,7082901,6435160,6172816,5878667,5215676,31,36,-15,-14,-13,-11,-6,13,-4,35,8435211,7825882,7225806,7159091,6926471,6800000,6760573,6535890,5792358,5662376
11,7,1,1.10799,1.10789,1.10781,8,23,18,10,1.10797,1.10781,47.2630913732357,52.7369086267643,304091628,24,21,20,23,18,17,-3,9,19,-1,14000000,7411765,7318182,7205882,7111111,7016393,6718147,6654982,6620690,5995164,-12,-10,-1,-8,-13,9,-9,-7,4,14,8750000,7466667,7448060,7333333,7318182,7290576,7162791,7100000,6005282,5680533
11,8,0,1.10793,1.10779,1.10789,-10,33,12,14,1.10796,1.10783,45.472207061170494,54.52779293882951,307364707,11,6,10,8,7,13,-13,-6,-1,-4,10500000,8166667,7636364,7411765,7304348,7304348,7118792,7075923,6803774,6522607,-7,0,-18,-16,-19,-14,-2,3,-9,-15,7508439,7439893,7291667,7241379,7166667,6666667,6368077,5951371,5922884,5763158
11,9,1,1.10793,1.10786,1.10779,7,22,14,7,1.10796,1.10779,44.19802519886829,55.801974801131706,248738869,20,15,18,17,1,14,16,10,12,6,14000000,8166667,8166667,7280000,7001098,6421053,6107143,6072917,5949367,5546926,0,-14,-15,-12,-13,-7,-10,-11,6,-2,8615718,8000000,7388889,7159091,7098592,6368794,6071429,5867647,4890000,4811983
11,10,0,1.10791,1.10775,1.10786,-11,39,24,16,1.1079,1.10774,51.43451328432744,48.56548671567256,397342434,-17,25,-10,20,-15,-8,24,15,-3,11,8860292,8400000,6490840,6375000,5994379,5974510,5769231,5700000,4960000,4762385,-22,24,-21,-20,-23,-18,-2,15,-9,-11,14000000,7333333,7212121,7118644,7000000,6549020,6392416,6180000,6095462,6007510
11,11,1,1.108,1.10791,1.10775,16,20,25,9,1.10794,1.10779,50.66250866903316,49.33749133096684,271698407,-1,27,25,1,6,8,11,21,10,23,8994262,8166667,6442308,5932258,5858844,5645403,4949112,4892473,4684665,4607843,-11,-9,-8,7,-6,-5,0,5,-3,16,9333333,8750000,7700000,7088771,6750000,5861111,5618497,4910499,4901961,4795238
11,12,1,1.10815,1.10805,1.10791,14,27,24,10,1.10813,1.10798,47.04312972047726,52.95687027952274,341716242,29,28,20,27,26,24,13,4,0,10,9333333,8750000,7783784,7636364,7538462,7368421,6628700,6593488,6257034,6153986,-15,-17,-14,13,4,22,-5,-10,15,-13,8000000,7212121,7000000,6832114,6806250,6497368,6144186,5730435,5669756,5583333
11,13,1,1.10827,1.10814,1.10805,9,32,22,13,1.10825,1.10807,46.83271004822712,53.16728995177288,239024643,23,22,4,13,9,14,-2,1,18,-1,10500000,7700000,6490401,6162500,5885075,5644444,5631250,5497192,5368421,5317958,16,-6,-3,12,9,19,14,15,10,7,6634234,5147541,4956897,4916613,4601905,4466000,4368706,4195935,4139775,3932546
11,14,1,1.10835,1.10829,1.10814,15,17,21,6,1.10832,1.10817,41.048637584068864,58.951362415931136,272306967,28,17,14,11,24,19,23,9,18,21,14000000,7777778,7753086,7544669,7500000,7500000,7388889,7365074,7304348,7179487,-8,-11,-9,-5,10,-3,5,-7,13,0,8750000,8166667,8000000,6500000,5939886,5931507,5568072,5390625,5315353,5007937
11,15,0,1.10825,1.10817,1.10829,-12,29,3,8,1.10833,1.1082,45.7564465701945,54.2435534298055,228731396,-10,6,8,2,5,9,4,7,-8,-1,9252520,7437500,7368421,7251908,7218750,7200000,7100000,7000000,6760582,6758389,-19,-21,-18,-10,-17,0,-15,-2,-5,-3,7538462,7118644,7033898,6164762,5344262,5244828,5120370,4960000,4915672,4866482
11,16,1,1.10829,1.1082,1.10817,3,22,12,9,1.10831,1.10815,45.975838888882016,54.024161111117984,241011598,9,16,2,10,13,15,12,14,11,-5,9333333,8166667,7753904,7318182,7225806,7212121,7205882,7200000,7159091,6655660,-13,-10,-12,-11,-6,-8,7,-4,4,-5,10500000,8750000,7700000,7538462,7052083,6272059,5859375,5504202,5090342,4826087
11,17,1,1.1087,1.10862,1.1082,42,24,50,8,1.10853,1.1084,50.90652464435868,49.09347535564132,543838883,52,53,55,26,54,50,51,0,44,42,8166667,8166667,8000000,7835612,7700000,7583333,7142857,6965038,6896911,6745842,-16,-13,-15,-14,-12,24,-11,33,35,15,14000000,10500000,7875000,7318182,7233333,7171667,7162162,6482301,6102752,6045238
11,18,1,1.10877,1.10867,1.10862,5,21,21,10,1.10872,1.10856,46.2184882503667,53.7815117496333,296678663,5,24,25,20,23,26,2,12,17,22,7995382,7388889,7333333,7218750,7205882,7000000,6990862,6843023,6797059,6589744,-9,-10,-7,-11,-8,7,12,15,17,2,8400000,7388889,7280000,7140000,7112903,6149823,5415108,5183794,4991362,4965109
11,19,1,1.10901,1.10885,1.10867,18,17,34,16,1.10887,1.10873,52.95956931219634,47.040430687803656,299928066,5,14,27,10,26,21,24,23,15,20,9515981,8004225,7777778,7496526,7280000,7194444,7140000,7104478,6765041,6754386,1,2,0,-1,11,20,4,3,7,16,14000000,8750000,7777778,7777778,7696825,7497512,7291667,7125000,6670455,6465104
11,20,0,1.10891,1.10884,1.10885,-1,23,10,7,1.10895,1.10878,53.9961488805556,46.0038511194444,237445245,4,9,17,18,15,-1,10,5,16,-3,8512111,8101515,7250000,7225806,6556391,6216035,4817391,4660615,4588235,4484874,-15,1,-14,-4,-16,-13,-12,-11,-9,-10,9333333,8770792,8166667,7605249,7500000,7162791,6581818,5946429,5690909,5610390
11,21,0,1.10888,1.10883,1.10884,-1,24,9,5,1.10894,1.10877,52.82150523536752,47.17849476463248,329437808,3,15,21,18,16,19,8,13,17,14,10935272,8750000,8000000,7777778,7583333,7500000,7492815,7356322,7225806,7112903,-14,-2,7,-19,-17,-15,-18,-16,-12,-11,14000000,11943879,10043011,8400000,7538462,7466667,7388889,7368421,7233333,7159091
11,22,1,1.10907,1.10888,1.10883,5,23,24,19,1.10898,1.10883,52.529355250873145,47.470644749126855,288177234,8,13,19,17,18,12,15,14,3,11,10008836,7750000,7636364,7304348,7280000,7125000,7109375,7074468,6722863,6704918,-3,17,-1,-4,0,1,3,2,12,7,9333333,9076923,8750000,8750000,7583333,7184211,7112903,7000000,6342215,6301587
11,23,0,1.1087,1.10858,1.10888,-30,54,6,12,1.10889,1.10872,49.6302771899863,50.3697228100137,449710690,8,9,6,-22,-17,7,-7,10,-12,5,14000000,10500000,8400000,8315714,7714912,7636364,7523636,7500000,7459677,7350000,-20,-11,-41,-39,-30,-40,-38,-2,-37,-15,8802768,8703540,7777778,7500000,7429134,7333333,7233333,7225275,7148936,7067857
11,24,1,1.10882,1.10871,1.10858,13,33,24,11,1.10884,1.10861,48.06283577486669,51.93716422513331,294231559,24,19,20,1,23,22,6,11,-4,18,9333333,7875000,7777778,7747196,7700000,7500000,6892347,6869485,6712538,5789474,1,7,-9,-8,10,-10,-11,12,0,16,9686842,7492070,6671429,6648649,6428643,5785714,5541667,5237791,4853750,4740984
11,25,1,1.10896,1.10886,1.10871,15,21,25,10,1.10894,1.10878,52.2258712534033,47.7741287465967,308911218,6,18,24,1,11,16,20,22,19,17,10704248,9333333,8750000,7897826,7667339,7569231,7538462,7291667,7291667,6384615,6,-11,1,-6,15,-7,-8,-10,-5,-4,9728368,8400000,8280714,8000000,7956250,7583333,7583333,7269231,7200000,7076923
11,26,1,1.1091,1.10901,1.10886,15,24,28,9,1.10903,1.10888,46.65072805969172,53.34927194030828,369581441,21,-5,34,27,28,32,30,33,26,31,11000588,9094203,7700000,7333333,7291667,7269231,7250000,7000000,6763636,6549020,20,-13,-15,0,15,10,-11,26,23,24,9767971,8400000,7388889,7310000,7176756,6002143,5200000,5000000,4947034,4924252
11,27,0,1.10874,1.10868,1.10901,-33,53,2,6,1.10897,1.10883,48.238732830442665,51.761267169557335,426196413,-12,11,-2,7,4,-32,-17,-22,-29,-7,10345506,9333333,8484472,7500000,6825397,6745614,6584942,6470370,6461039,6246269,-46,-42,-11,-47,-7,-16,-21,-26,-17,-9,10500000,8576923,8103205,7636364,7623790,6990184,6360400,6199548,5724910,5591710
11,28,1,1.1089,1.10883,1.10868,15,18,22,7,1.10887,1.10871,54.7811452638726,45.2188547361274,273766865,26,3,22,24,25,13,14,12,1,5,14000000,9341538,7538462,7111111,7000000,5421466,5179054,5054598,5034667,4915306,0,-3,-11,15,-10,-9,-7,-4,-8,-5,8523656,7636364,7636364,7412727,7318182,7304348,7225806,7205882,7189189,7152174
11,29,0,1.10875,1.10864,1.10883,-19,42,7,11,1.10888,1.10874,53.96623406174176,46.03376593825824,345695710,7,-6,8,-16,11,-7,-1,-21,-10,5,7875000,7794702,7700000,7684932,7538462,6773973,6316129,5968328,5761905,5647059,-6,-24,-30,-20,3,-29,-27,-25,-28,-26,9545581,9333333,8400000,8341398,8056911,7875000,7777778,7777778,7368421,7280000
11,30,1,1.10876,1.10869,1.10864,5,21,13,7,1.10875,1.10861,52.76049831054238,47.23950168945762,249952408,20,16,19,17,-2,15,9,7,4,1,7777778,7538462,7333333,7318182,7181034,6615385,6519220,6290173,5390782,5165368,-12,-11,-14,4,-7,-9,-8,1,6,-5,10500000,9333333,8166667,7831285,7583333,7437500,7411765,5801594,5791384,5525641
11,31,0,1.10874,1.10861,1.10869,-8,34,11,13,1.10879,1.10863,54.61410024666408,45.38589975333592,323471093,6,10,11,-10,8,12,9,7,1,-4,9566667,8400000,8166667,7737834,7500000,7437500,7368421,6476190,6342138,6207500,-20,-18,-7,-21,-13,-19,2,-14,-17,-16,14000000,8400000,8382012,8166667,7875000,7875000,7405671,7368421,7368421,7189189
11,32,0,1.10868,1.10858,1.10861,-3,26,12,10,1.10869,1.10855,52.61767858545547,47.38232141454453,275681955,16,18,-4,17,15,-2,8,9,-1,3,9333333,8750000,7938875,7875000,7333333,7067352,6744898,5197531,4900000,4784153,-14,-16,-4,-15,-11,-13,-2,-7,8,-8,14000000,8166667,7736545,7500000,7304348,7097222,6451701,6273469,5930588,5929825
11,33,1,1.10893,1.10883,1.10858,25,18,35,10,1.10884,1.10873,54.11417640858989,45.88582359141012,285169821,3,31,27,21,23,12,22,8,-1,13,9876803,7411765,7000000,6389706,6364706,6095556,5572917,5011321,4938202,4583333,-6,-7,-8,-5,3,-3,-4,12,16,25,7636364,7583333,7437500,7250000,7218272,7027027,6905660,6752174,6725874,6566038
11,34,0,1.1089,1.10879,1.10883,-4,27,9,11,1.10894,1.10878,49.12588255983893,50.87411744016107,243189176,14,-1,13,9,12,11,10,-6,0,-9,10500000,9762557,8750000,7500000,7269231,7170732,7077778,6810078,5534392,5243119,-12,0,-16,-11,-13,-14,-10,-6,-7,-5,10500000,8954607,8166667,8000000,7411765,7318182,7241379,5301786,4981818,4849718
11,35,0,1.10885,1.10875,1.10879,-4,25,8,10,1.10889,1.10874,49.20449179000168,50.79550820999832,235842192,11,-5,5,13,10,14,9,7,8,-7,10500000,9634651,8156863,7538462,7466667,7388889,7241379,6893617,6871795,5895118,-5,4,-12,-11,-14,-9,-10,-13,-15,-8,9225915,8500852,7368421,7269231,7259259,7137255,7127273,7000000,7000000,5243243
11,36,1,1.10887,1.1088,1.10875,5,23,12,7,1.10892,1.10875,47.167982528901845,52.83201747109816,297577631,16,0,13,10,11,5,18,12,14,19,14000000,8640426,8000000,7772727,7636364,7477612,7388889,7318182,7179487,7000000,-15,6,-3,-14,-16,-13,-11,-12,-9,-10,10500000,9512598,8850847,7875000,7636364,7437500,7437500,7189189,7111111,7083333
11,37,1,1.10895,1.10889,1.1088,9,21,18,6,1.10895,1.10879,50.725877494869096,49.2741225051309,299156678,9,25,27,23,22,20,19,4,16,-1,9810294,8400000,7777778,7411765,7000000,6545455,6452055,5725460,5641237,5193870,5,-14,-15,14,-11,-13,-12,-5,-9,10,10682398,9333333,8400000,7934757,7700000,7280000,7241379,6594787,5800000,4785512
11,38,1,1.109,1.10892,1.10889,3,21,11,8,1.10901,1.10887,54.27200618984705,45.72799381015295,240993354,14,16,15,13,12,2,7,-1,1,3,14000000,7700000,7166667,7148936,7098592,6031760,5710526,5593750,5037412,5000644,-9,-13,-12,-10,-11,-7,-8,-6,8,6,10500000,10500000,8750000,7388889,7333333,7127273,7125000,6222222,6018667,5700062
11,39,1,1.10922,1.10914,1.10892,22,21,30,8,1.10913,1.109,52.32374951979989,47.67625048020011,355843839,-1,35,34,19,-3,32,27,14,28,30,8659391,7500000,7388889,6210034,5792806,5545455,5543478,5438842,5377778,5375000,-3,6,-10,22,-9,-12,-13,2,-7,24,9128495,8040385,7875000,7680808,7411765,7411765,7304348,6950000,5977273,5724324
11,40,0,1.10921,1.10909,1.10914,-5,26,10,12,1.10922,1.10908,54.713287950465805,45.2867120495342,247709924,4,10,13,8,9,12,-1,7,-6,-3,8303423,7411765,7368421,7212121,7106061,7090909,6422624,6000000,5914897,4893049,-13,5,-14,-9,-4,-6,-10,-7,-11,-8,10500000,9841409,9333333,7875000,7669697,7318182,7241379,7212121,7212121,7148936
11,41,0,1.10907,1.10901,1.10909,-8,31,9,6,1.10914,1.10899,50.151739437028894,49.84826056297111,344853329,-14,16,13,18,14,19,17,12,15,6,9281250,7636364,7368421,7350000,7333333,7304348,7291667,7194444,7003571,6672308,-24,-23,-22,-25,-13,-9,-18,-21,-19,-20,14000000,9333333,9333333,8400000,7756204,7599029,7550000,7388889,7200000,7000000
11,42,0,1.10914,1.10901,1.10901,0,17,18,13,1.10906,1.10892,47.38516591023563,52.61483408976437,233125460,21,17,4,15,19,18,16,14,1,6,8400000,7538462,7483562,7333333,7291667,7159091,7100000,6277778,5299788,5236504,-4,-3,0,-2,4,1,6,14,15,7,7875000,7411765,7241379,7175000,6715116,6281250,5194444,5102564,5066129,4813415
11,43,0,1.1091,1.10892,1.10901,-9,28,20,18,1.10905,1.10891,47.97258718501694,52.02741281498306,281428230,14,10,13,15,16,-8,-5,-9,-10,-11,10500000,8166667,7636364,7583333,7500000,6317919,5648696,5564024,5536000,5521053,-10,-8,-7,-9,-4,17,5,2,15,10,8400000,7437500,7411765,7000000,6291667,5437736,5431210,5302427,5296135,5154737
11,44,0,1.1091,1.10892,1.10892,0,20,29,18,1.10897,1.10883,51.14907464975352,48.85092535024648,270638335,22,23,12,25,2,24,7,21,17,-2,7500000,7500000,7459545,7388889,7205357,7000000,6062162,5500000,4894737,4778000,-2,20,1,0,-1,5,10,2,15,11,14000000,8790055,7700000,7212121,7170732,6666667,6225407,5633333,4784729,4376201
11,45,0,1.10886,1.10877,1.10892,-15,34,8,9,1.10895,1.10881,49.91678284487751,50.08321715512249,316752597,-3,15,2,13,11,-16,10,-8,-11,-1,9380000,8400000,8354795,7777778,7466667,6634146,6370370,6237658,6021739,6012019,-22,-24,-21,-4,-25,-9,-23,1,-20,-14,14000000,9333333,9333333,7977487,7304348,7029321,7000000,5884937,5770492,5211408
11,46,0,1.10867,1.10858,1.10877,-19,39,4,9,1.10879,1.10865,53.69640708400848,46.30359291599152,291769555,-4,9,8,6,7,-17,-13,-2,5,-12,7654613,7304348,7280000,7031250,7000000,6440719,6210918,5680970,5597938,5595588,-27,-28,-26,-25,-18,-14,-24,-23,-30,-5,10500000,8750000,8166667,8000000,7854286,7741986,7700000,7215686,7000000,6583333
11,47,0,1.10852,1.1084,1.10858,-18,39,9,12,1.10861,1.10847,51.96961919827933,48.03038080172067,306950425,-5,11,-15,9,8,10,0,-20,-22,7,10531583,9333333,8506103,8400000,7148936,7033333,6086420,6012195,5397183,4863636,-26,-3,-27,-25,-18,-24,-21,-22,2,-13,14000000,9750000,7777778,7318182,7313131,7175000,6722222,6666667,5637705,5505338
11,48,0,1.10832,1.10823,1.1084,-17,37,8,9,1.10841,1.10827,47.75189520053964,52.24810479946036,267741455,12,15,14,3,-17,-4,11,8,-7,5,10500000,10500000,7777778,6344444,5952381,5295303,4916667,4531250,4439589,4290948,-28,-27,-25,-24,-18,-8,-23,-14,-5,-17,7200000,7000000,6320000,6285714,5994330,5886863,5290323,5256731,5200200,4481215
11,49,0,1.1082,1.10814,1.10823,-9,30,9,6,1.10827,1.10812,53.58618393112932,46.41381606887068,263184270,16,15,17,9,4,-1,-11,14,-9,-6,8750000,7875000,7777778,5863924,5838235,4875000,4570755,4550000,4483051,4314516,-22,-20,-24,-21,-23,-19,-17,-5,-11,0,9333333,8400000,7777778,7538462,7466667,7125000,5271186,4968750,4899653,4390678
11,50,1,1.1082,1.10815,1.10814,1,32,6,5,1.10831,1.10817,56.48405947187951,43.51594052812049,271269651,-12,11,5,10,9,0,-3,-5,8,7,9346835,8400000,7437500,7194444,7111111,6818841,6282787,5710571,5230769,4792793,-22,-26,-23,-27,-24,-18,-21,-20,-15,-17,14000000,8400000,7777778,7368421,7280000,7038462,6765957,6431373,5671756,5612403
11,51,0,1.10825,1.10808,1.10815,-7,31,12,17,1.10825,1.10811,58.119500348027,41.880499651973,239429696,-2,9,7,11,-10,-7,3,5,-12,-5,7982878,7269231,7166667,7000000,6568152,6519799,6339869,5295918,4530108,4055710,-13,-14,-5,-10,0,-8,-12,-9,-7,-6,14000000,9333333,8575000,8166667,7255588,7155556,7132075,7127273,7071429,6260870
11,52,1,1.10822,1.10815,1.10808,7,22,14,7,1.10825,1.1081,52.43688005560974,47.56311994439026,215644241,5,16,11,14,12,-3,10,0,2,-1,8315458,7636364,7350000,7090909,7083333,6748509,6302632,6032967,5675507,5577023,-13,-3,-15,-10,-11,-9,-12,-8,2,-7,8400000,7795014,7388889,7241379,7132075,7120690,7106061,7063636,5884275,5025641
11,53,1,1.10841,1.10834,1.10815,19,21,26,7,1.10837,1.10823,50.36348170601144,49.63651829398856,323177200,25,29,27,23,22,-2,21,24,4,19,9333333,8400000,7875000,7777778,7700000,7529703,7500000,7120000,6144792,5925926,-11,-12,-5,-14,-9,-10,1,20,4,18,8166667,7700000,7608333,7411765,7162791,7132075,6289861,6239130,6199538,6116667
11,54,0,1.10823,1.10818,1.10834,-16,38,7,5,1.10834,1.1082,44.32304361407113,55.67695638592887,319480242,8,15,17,-12,-18,0,3,-9,-7,-20,8745098,8000000,7777778,7705298,7548756,7459483,7221470,6857438,6630400,6402299,-23,-30,-33,-28,-32,-17,-14,-2,-27,-12,8127982,7411765,7411765,7218750,7152174,5745304,5663030,5312212,5050000,4382759
11,55,1,1.10833,1.10827,1.10818,9,22,15,6,1.10834,1.1082,52.11853189979123,47.88146810020877,298515590,15,20,9,0,16,19,18,17,12,14,10500000,10500000,7767705,7423387,7333333,7291667,7205882,6952381,6904132,6772727,-15,-9,-7,-10,-16,-11,-14,-2,-13,-8,14000000,10500000,8875000,8750000,8166667,7700000,7700000,7537493,7259259,7212121
11,56,0,1.10815,1.10807,1.10827,-20,39,4,8,1.10827,1.10812,48.57274911998654,51.42725088001346,351252297,7,-20,-11,11,10,-15,9,8,2,6,10500000,10108108,8670168,7466667,7466667,7317164,7259259,7250000,6759124,6705882,-31,-27,-20,-28,-24,-23,-25,-15,-10,-5,9333333,8000000,7847222,7636364,7333333,7304348,6800000,6470588,6073276,5600000
11,57,1,1.10833,1.10814,1.10807,7,23,26,19,1.10824,1.10808,56.93521633785168,43.06478366214832,269131590,18,16,15,13,14,9,4,-1,-4,1,9333333,7500000,7368421,7013514,7000000,6490566,6397561,5965353,5548077,5528618,-4,-2,-1,1,3,2,0,4,5,8,14000000,10500000,10500000,7388889,7333333,7333333,7291667,7280000,7024390,6334615
11,58,0,1.10811,1.10805,1.10814,-9,35,3,6,1.10824,1.1081,44.92942181578414,55.07057818421586,318033189,0,-13,6,10,8,11,13,-10,9,7,8301639,8034130,8000000,7700000,7538462,7466667,7411765,7360153,7350000,7134615,0,-29,-28,-27,-19,-24,-26,-14,-4,-13,7600000,7500000,7437500,7194444,6986188,6522727,5228571,5095739,5084770,4774212
11,59,1,1.10829,1.10815,1.10805,10,25,27,14,1.1082,1.10806,50.28485984843703,49.71514015156297,357072436,27,24,25,0,-3,20,23,28,26,10,8400000,8166667,8166667,7920330,7859031,7690476,7538462,7437500,7437500,7399571,-4,-1,-6,-9,-10,-11,-8,18,14,-3,10500000,9674000,9333333,8750000,8000000,7269231,7129630,6658696,6483333,5789474
12,0,1,1.10822,1.10816,1.10815,1,25,7,6,1.1083,1.10813,45.77210302615568,54.22789697384432,229591096,13,-2,12,11,6,8,10,7,9,1,14000000,8234287,7777778,7368421,7243902,7189189,7166667,7152174,7109375,6961634,-18,-8,-17,-19,-16,-15,-13,-3,0,-12,7875000,7467500,7304348,7291667,7120690,7072917,6797619,6664139,5653296,5560976
12,1,0,1.10824,1.10816,1.10816,0,23,21,8,1.1082,1.10806,48.06257291327388,51.93742708672612,310570165,28,25,27,-4,24,21,1,-2,15,16,10500000,8400000,7500000,7410526,7071429,6926829,6593426,6436179,6149774,6102941,13,-15,-13,-1,-6,19,-10,-8,-2,4,8040107,7700000,7119048,7004630,6769912,6137681,5522727,4982759,4696721,4562640
12,2,1,1.10831,1.10824,1.10816,8,22,15,7,1.10831,1.10815,50.68301494133836,49.31698505866164,264380600,23,21,14,19,20,18,-3,6,4,9,7875000,7388889,7337500,7200000,7000000,6705882,6684817,6551086,6001124,5827772,-13,-12,-15,-11,-10,-4,6,-8,8,-9,14000000,7350000,7280000,7194444,6388889,6136752,5655216,5080645,4590678,4500000
12,3,1,1.1084,1.10825,1.10824,1,18,19,15,1.10831,1.10818,53.11439223154466,46.88560776845534,191512358,16,17,7,10,-2,0,15,5,14,2,7212121,7071429,6481499,6368376,5875762,5843457,5362069,5316131,5250000,4197385,-1,-2,-3,1,0,10,2,15,5,16,8400000,8166667,7777778,6750000,6721311,5678307,5075000,4936690,4673469,4633483
12,4,0,1.10827,1.10818,1.10825,-7,25,13,9,1.10827,1.10813,47.65309963492715,52.34690036507285,266339172,18,20,17,13,14,0,8,15,3,9,8400000,7636364,7583333,7573529,7538462,7278591,7260057,7137255,6928027,5560345,-15,-16,-13,-3,2,-8,1,-12,-10,7,10500000,7437500,7350000,6876254,6147564,5419753,5408832,5290323,5064516,4939187
12,5,1,1.10832,1.1082,1.10818,2,23,14,12,1.1083,1.10814,50.79752313270381,49.20247686729619,268930193,19,11,15,12,13,16,14,10,5,2,8750000,7500000,7466667,7437500,7280000,7259259,7212121,6566667,6484324,6353125,-10,-3,-7,-11,-9,2,-8,-6,-5,7,14000000,9440000,7875000,7875000,7777778,7729331,7411765,7318182,6810345,6293454
12,6,1,1.1084,1.10835,1.1082,15,20,20,5,1.10838,1.10823,42.67744839122847,57.32255160877153,323029584,30,27,-1,22,21,20,28,24,23,26,14000000,10500000,9344144,8400000,8400000,7981818,7583333,7538462,7411765,7411765,-12,-6,-13,10,5,-15,-3,15,-4,12,10500000,10383333,7636364,7587361,7085714,6080000,6029104,5437778,5069912,4981641
12,7,1,1.10852,1.10842,1.10835,7,22,17,10,1.10852,1.10838,45.63865172827607,54.361348271723934,256628359,17,11,-3,16,2,13,12,6,15,10,14000000,14000000,11052834,8750000,7985811,7700000,7600000,7419101,7218750,7155556,-3,-9,6,-11,-10,-12,2,10,9,-8,13281065,9333333,8153672,7388889,7250000,7155556,6449853,5408081,5361481,5120000
12,8,0,1.10847,1.10841,1.10842,-1,26,5,6,1.10856,1.10844,55.21338234467432,44.786617655325685,176092849,-4,8,9,1,-6,6,-1,5,-2,-7,8317109,7368421,7225806,6280488,5214829,4878947,4874359,4685393,4058296,3844633,-8,-18,-15,-20,-17,-16,-3,-13,-2,-6,8687500,8166667,7500000,7350000,7259259,7205882,6189316,5094340,4683243,4382315
12,9,0,1.10833,1.10826,1.10841,-15,32,2,7,1.10844,1.10831,52.15219814295818,47.847801857041816,265081053,9,8,-10,11,-4,-9,-1,4,1,3,8750000,7700000,7642395,7466667,6808000,6335835,5678344,5481481,5298851,5180000,-24,-13,-25,-23,-20,-22,-17,-7,-1,-4,10500000,8551701,8000000,7636364,7259259,7250000,7155340,5955750,5630435,5408025
12,10,0,1.10827,1.10821,1.10826,-5,22,9,6,1.1083,1.10816,46.06931969823397,53.93068030176603,255986400,18,-6,17,16,15,14,13,1,3,6,14000000,9397727,8750000,7875000,7777778,7233333,7122807,7042527,6600410,6457029,-3,-14,-15,-13,-16,-12,-11,-8,2,-10,8072139,7636364,7466667,7437500,7411765,7184211,6953488,6689655,5525621,5519231
12,11,0,1.10829,1.10815,1.10821,-6,28,10,14,1.10831,1.10816,43.33196252489353,56.66803747510647,270908263,11,8,-3,9,10,3,6,4,0,7,10500000,9333333,9122666,8000000,7636364,7500000,7466667,7280000,7274194,7212121,-14,-12,-1,-10,-13,-11,-9,4,-6,6,8000000,7636364,7382895,7304348,7291667,7148936,6679245,6324594,6279070,5170086
12,12,1,1.10884,1.10827,1.10815,12,76,69,57,1.10848,1.10824,52.00443397148066,47.99556602851934,418342790,23,9,21,12,-13,20,22,2,7,15,8750000,8307808,8166667,8133484,7904494,7538462,7368421,6491477,6368302,5833333,26,25,27,59,47,44,34,28,51,24,8400000,8166667,8000000,7835739,7754545,7405405,7211392,7000000,6557447,6333333
12,13,0,1.10831,1.10827,1.10827,0,63,4,4,1.10859,1.1083,50.08782942785728,49.91217057214272,347763281,14,0,13,16,-8,11,10,6,12,2,14000000,8688000,8000000,8000000,7740642,7636364,7368421,7350000,7280000,7046330,-15,-4,-26,-28,-19,-6,-24,-2,-29,-25,8488298,7291525,7230769,7152174,6924355,6636364,6537975,5925753,5739130,5600000
12,14,0,1.10821,1.10801,1.10827,-26,45,5,20,1.1083,1.10816,50.11300840817269,49.88699159182731,306754166,-2,-26,-5,-3,-4,0,-24,-9,-29,-14,9333333,9049587,8750000,7241379,7233333,7137255,6601149,6497487,6476562,6216129,-22,-18,-21,-14,-23,-19,-25,-9,-11,-12,9333333,9333333,8750000,8471930,7875000,7733333,7636364,6794286,5617647,5569767
12,15,1,1.10835,1.1083,1.10801,29,20,34,5,1.10834,1.10818,47.62437537829216,52.37562462170784,300102042,27,24,25,23,21,19,22,29,3,15,10500000,7700000,7583333,7538462,7388889,7259259,7148936,7000000,6426506,5836626,-12,-9,-14,-8,-13,-11,-7,0,10,-5,9333333,7538462,7538462,7148936,7000000,6565217,6407407,5739860,5722045,5673684
12,16,0,1.10825,1.10818,1.1083,-12,28,8,7,1.10831,1.10815,49.444990670372285,50.55500932962772,262051721,17,0,15,14,12,3,-9,13,11,-7,7875000,7640608,7437500,7132075,6629032,6453025,6265625,6258065,6236842,5698630,-18,-21,-16,-17,-19,-14,-13,0,-10,-12,10500000,7538462,7500000,7388889,7000000,6710526,6444444,6148077,6086937,5800000
12,17,1,1.10828,1.1082,1.10818,2,22,11,8,1.10829,1.10814,49.629683139642246,50.37031686035776,236342061,16,14,19,15,2,17,0,11,-2,-3,8400000,8000000,7291667,7250000,7096234,7000000,5759219,5362500,5188953,5007317,-13,-12,-10,-9,-11,-14,8,-7,3,-2,14000000,7280000,7218750,7102941,7094595,7000000,6667188,5150538,5083933,4710263
12,18,1,1.10827,1.10821,1.1082,1,26,10,6,1.10831,1.10816,50.35773635394259,49.64226364605741,312388855,18,-6,11,17,15,16,20,6,3,14,14000000,8646825,8274194,7350000,7269231,7179487,7145833,6348590,5909091,5777778,-17,-20,-15,-14,-13,-16,-19,-12,-8,-10,10500000,8166667,7777778,7583333,7508772,7411765,7333333,7148936,6469613,6003226
12,19,0,1.10812,1.10806,1.10821,-15,34,1,6,1.10824,1.1081,49.36730093116593,50.63269906883407,287482168,10,12,6,9,8,-4,1,-17,7,-16,7411765,7333333,7290323,7280000,7170732,7055819,7036965,6341837,6256410,6037815,-25,-28,-27,-26,-22,1,-8,-3,-18,0,14000000,8000000,8000000,7333333,7000000,6901887,6439524,6009956,5142857,4863333
12,20,1,1.10835,1.10827,1.10806,21,16,29,8,1.10827,1.10812,47.50435252373955,52.49564747626045,338017111,31,9,27,26,0,29,28,4,30,32,10500000,8300000,7583333,7583333,7439394,7437500,7388889,7331579,7184211,7175000,-4,-8,-5,-7,0,22,5,-3,10,6,14000000,9333333,8400000,8166667,6760000,6721901,6611538,6375000,6193333,5658407
12,21,1,1.10868,1.10862,1.10827,35,17,41,6,1.10855,1.10841,47.345686622457485,52.65431337754252,464375650,45,42,0,44,46,35,17,41,39,40,9333333,9333333,9042857,8750000,8400000,7924419,7712919,7466667,7272727,7086957,-9,22,13,-8,-7,-6,-11,28,18,-1,9333333,8035359,7991477,7500000,7125000,7122807,7000000,6429259,6281600,6134586
12,22,1,1.10876,1.10866,1.10862,4,28,14,10,1.1088,1.10867,44.72752187142631,55.27247812857369,254387959,14,4,9,-5,13,12,10,6,7,-1,14000000,9281893,8166667,7743804,7437500,7304348,7175000,7078431,6204545,5761981,-17,-5,-18,6,-15,-14,7,-9,1,4,7875000,7730052,7636364,7585492,7259259,6492063,5752500,5358696,5261311,5147679
12,23,1,1.10877,1.1087,1.10866,4,20,11,7,1.10879,1.10865,52.71771251617649,47.28228748382351,208121498,12,17,-1,11,13,14,10,3,-3,2,8000000,7700000,7548343,7368421,7148936,7145833,7052632,6247159,6033784,5751387,-13,-11,-10,-8,-9,-5,-6,-7,-4,-2,10500000,8400000,8000000,7500000,7388889,7350000,7304348,7100000,6948276,5803226
12,24,0,1.10865,1.10859,1.1087,-11,27,10,6,1.10868,1.10856,49.67008674480129,50.32991325519871,305162034,19,12,-3,17,16,15,14,-6,7,-9,8166667,7291667,7285714,7280000,7152174,7000000,6914634,6579104,6545045,6515152,-13,-18,-19,-14,-16,-21,-10,-12,-5,5,14000000,10500000,9333333,7777778,7400000,7000000,6421250,6256522,5811047,5692308
12,25,1,1.10884,1.10875,1.10859,16,18,25,9,1.10877,1.10862,41.123498808090766,58.876501191909234,279911414,27,13,24,26,22,25,21,23,28,20,14000000,7966302,7777778,7583333,7291667,7269231,7269231,7259259,7000000,6575758,-7,-9,3,-3,12,-6,-2,1,14,9,7636364,7000000,6291538,5979167,5933181,5357143,5250000,5141071,5035961,5021176
12,26,0,1.10861,1.10855,1.10875,-20,39,3,6,1.10875,1.10861,42.155380561579086,57.844619438420914,319424074,11,-7,12,8,10,-15,6,-2,3,-16,14000000,8781250,8750000,7538462,7304348,6902679,6750000,6714976,6551724,6300311,-32,-33,-20,-14,-12,-13,-8,1,-18,-1,7437500,7233333,6962136,5524370,5463750,5333645,5246452,4960465,4867431,4849138
12,27,0,1.10846,1.10839,1.10855,-16,30,8,7,1.10853,1.10841,46.10029125437389,53.89970874562611,291361118,12,-6,14,13,3,6,8,-11,10,-9,8400000,8024484,7466667,7291667,6525434,6372340,6000000,5968592,5952381,5910899,-23,-21,-19,-9,0,-20,-18,-14,-4,-10,7875000,7777778,7647059,6992434,6787333,6026316,5795918,5458235,5256389,5094652
12,28,0,1.10841,1.10835,1.10839,-4,28,8,6,1.10847,1.10833,51.85316087389455,48.14683912610545,253482985,12,13,17,14,11,5,-1,-8,9,-3,7466667,7466667,7241379,7000000,7000000,6751366,6705459,5559908,4904762,4784062,-17,4,-5,-16,-22,-18,-15,-19,-9,-12,8400000,7850000,7695170,7636364,7636364,7318182,7159091,6826087,6191304,5684211
12,29,0,1.10838,1.10827,1.10835,-8,33,3,11,1.10848,1.10834,52.67569909298723,47.32430090701277,216835425,5,-3,4,-8,-13,2,-16,-11,1,-6,7466667,7320000,7291667,6186885,6127778,6000000,5347368,5156115,5111111,4659639,-21,-8,-20,-22,-17,-18,-19,-12,-1,-6,8750000,8387582,7700000,7500000,7411765,7259259,7212121,5986331,5532231,5053220
12,30,0,1.10824,1.10815,1.10827,-12,35,8,9,1.10832,1.10818,50.85360698910977,49.14639301089023,336074275,11,14,9,12,0,-10,8,-3,-12,7,8400000,7875000,7500000,7411765,6697409,6533782,6285714,6181330,6072140,6047059,-20,-24,-23,-26,-25,-19,-22,-18,-6,-13,10500000,9333333,8750000,8750000,7437500,7241379,7117647,6333333,6086988,5914612
12,31,0,1.10823,1.10806,1.10815,-9,33,12,17,1.10824,1.1081,51.77832379395076,48.22167620604924,258483186,10,-12,8,7,5,1,-9,11,0,-11,14000000,7834599,7777778,7700000,6272727,5954545,5571414,5428571,5120213,5116405,-11,-15,-16,-14,-9,-10,-12,8,3,-2,7875000,7636364,7500000,7466667,7350000,7074468,6241379,5483333,4971245,4841700
12,32,1,1.1084,1.10834,1.10806,28,17,34,6,1.10834,1.1082,47.8290534384381,52.1709465615619,310203490,27,28,31,29,16,7,4,25,26,24,9333333,8166667,8166667,8000000,7659658,7465506,7355989,7269231,7179487,6595238,-8,-6,-11,-7,-9,-10,0,3,5,15,8750000,7753968,7500000,7368421,7291667,7122807,6733226,6308116,5879472,5412079
12,33,0,1.10814,1.10806,1.10834,-28,45,7,8,1.10827,1.10814,48.17358307248158,51.82641692751842,367416218,-21,14,10,12,-24,-27,-15,-12,-17,-20,8724324,8000000,7700000,7280000,7055556,6466102,5878740,5630137,5614286,5592105,-36,-34,-32,3,-37,-26,-25,-1,-16,-6,10500000,10500000,9500000,7865179,7350000,6919685,5458763,5431034,5407109,5363214
12,34,1,1.10818,1.10812,1.10806,6,23,12,6,1.10823,1.10807,50.60591606639333,49.394083933606666,239753834,17,18,16,13,15,14,-6,11,12,-3,9333333,7700000,7466667,7259259,7114754,6630435,5945652,5654676,5647059,5503927,-15,-17,-13,-14,-10,-11,-9,-2,-8,3,9333333,7700000,7583333,7368421,7333333,7170732,6121429,5657412,5647059,5144573
12,35,1,1.10831,1.10822,1.10812,10,28,19,9,1.10833,1.10817,49.97692543912111,50.02307456087889,319962752,19,21,22,12,16,18,17,4,15,-5,8400000,8166667,7583333,7541667,7280000,7179487,7155556,7085233,7018182,6749583,-13,-16,-4,-18,-12,-9,6,-17,1,-15,9333333,8750000,8109489,7538462,7291667,7173469,7100000,7000000,6988024,6589286
12,36,1,1.1086,1.10843,1.10822,21,27,38,17,1.10849,1.10834,51.16323484029223,48.836765159707774,425182932,23,22,16,28,27,26,8,29,-2,19,9333333,9333333,8477519,8400000,8166667,8000000,7435802,7368421,7346121,7198333,-9,-7,-10,-6,-8,25,10,14,5,30,14000000,10500000,8166667,8000000,8000000,7438272,7189554,7129648,7098446,7089870
12,37,1,1.10861,1.10855,1.10843,12,18,18,6,1.10859,1.10844,51.54165827591432,48.45834172408568,273351531,17,20,10,22,21,24,19,23,1,8,14000000,7875000,7758896,7700000,7636364,7259259,7162791,7000000,6151546,6053261,-5,6,-8,-11,-7,-9,1,-12,11,-3,10500000,10346909,8400000,8400000,8000000,7583333,7397541,7000000,6743284,6000000
12,38,1,1.10884,1.10878,1.10855,23,16,29,6,1.10875,1.10861,49.09951039637725,50.90048960362275,313728275,7,16,37,34,31,33,30,27,19,23,8301639,8202841,8000000,7538462,7350000,7318182,6861111,5379747,5271570,5038889,-9,-10,3,9,19,-6,14,10,-7,5,8166667,8000000,6963830,6427928,6386194,6195122,5802260,5530000,5400000,5214844
12,39,0,1.10874,1.10868,1.10878,-10,32,11,6,1.10882,1.10866,44.79721437234279,55.20278562765721,357207539,19,6,20,17,-12,16,-3,18,0,13,9333333,8165753,8000000,7777778,7717811,7583333,7391282,7000000,6973418,6791667,-16,-7,-24,-25,-1,2,-26,-11,4,8,8076696,7702857,7636364,7233333,6870253,6793617,6209302,5779412,5387500,5358491
12,40,0,1.10872,1.10859,1.10868,-9,25,9,13,1.10874,1.10859,43.586517675709295,56.41348232429071,205999258,-3,9,10,11,7,8,-1,4,-8,6,8511620,8000000,7875000,7368421,7122807,7102941,6731230,6534091,6446392,6425000,-12,-11,0,2,-3,-2,-6,3,-10,6,7583333,7209677,6863767,6304224,6261218,4880062,4601504,4563159,4560976,4522989
12,41,1,1.10893,1.10887,1.10859,28,15,34,6,1.10885,1.10869,49.02499386859698,50.97500613140302,361120447,32,7,33,31,34,30,27,25,2,12,14000000,10648754,10500000,8000000,7538462,7500000,6837838,6794393,6111243,6098637,3,-3,-4,12,-7,-9,-5,-8,-6,21,10516796,10500000,8400000,8274336,7875000,7875000,7538462,7466667,7333333,7057377
12,42,0,1.109,1.10887,1.10887,0,23,18,13,1.10896,1.1088,46.54827761231857,53.45172238768143,318035426,22,19,21,17,18,20,16,7,12,2,14000000,10500000,10500000,9333333,8166667,7777778,7050000,6974532,6442623,6240051,10,-10,-9,-6,-7,-8,-3,-4,0,8,8135294,8000000,7636364,7368421,7368421,7318182,7155556,7145833,6973846,6197115
12,43,1,1.10909,1.10894,1.10887,7,20,23,15,1.10901,1.10885,54.7726938165308,45.2273061834692,279680491,18,20,21,19,23,11,-3,14,1,10,8750000,8750000,7875000,7636364,7411765,5931771,5931034,5649635,5265728,5153363,-5,0,19,-3,4,-1,-2,-4,2,1,10500000,9333333,9025000,8166667,8098765,7777778,7636364,7538462,7466667,7233333
12,44,0,1.10896,1.1089,1.10894,-4,19,9,6,1.10899,1.10884,53.32103648336183,46.67896351663817,224692232,19,16,17,15,-2,14,2,13,5,-4,7466667,7291667,7159091,7118644,6812081,5807692,5723966,5551402,5036813,4800000,-13,-9,-11,6,-10,-12,-4,-8,-7,3,8000000,7777778,7700000,7593923,7388889,7318182,7070588,6762887,6633803,5855522
12,45,1,1.10903,1.10893,1.1089,3,21,13,10,1.10903,1.10889,56.3001125821441,43.6998874178559,186095230,14,11,13,-4,10,9,-3,-2,0,3,7291667,7148936,7140000,6248387,6107143,5744681,4691163,4500667,4381267,4000852,-11,-10,-7,-6,-8,-5,-2,3,5,6,10500000,7411765,7368421,7205882,7114754,6717949,5588550,5464567,5322086,4863850
12,46,0,1.10899,1.1088,1.10893,-13,51,6,19,1.10913,1.10898,45.94837637497252,54.05162362502748,344544886,-3,0,-6,-2,-26,-7,-5,-4,-17,-35,14000000,10500000,8000000,8000000,7369522,7368421,7333333,7000000,6719247,6280263,-17,-32,-30,-28,-29,-31,-26,-6,-21,-11,8863852,8400000,8000000,7538462,7437500,7114286,6972251,6735616,6053378,5715421
12,47,1,1.10912,1.10906,1.1088,26,16,32,6,1.10906,1.10891,45.43781092138412,54.56218907861588,348619878,29,32,28,33,31,30,0,16,21,27,14000000,14000000,8750000,8400000,8166667,7437500,7179972,6974205,6634794,6521739,-10,17,-8,-7,-5,-9,-6,12,-4,7,8400000,8352128,7466667,7318182,7291667,7259259,7140000,6619874,6393103,5860741
12,48,0,1.10902,1.10893,1.10906,-13,28,8,9,1.10907,1.10894,53.98967740028165,46.01032259971835,227984235,-4,13,10,9,-10,-9,8,0,3,-6,7809117,7363636,6567568,5890909,5488369,5094495,4718310,4373489,4304123,4284928,-17,-18,-19,-16,-15,5,-14,-11,-12,-2,8400000,7411765,7304348,7259259,6864865,5811404,5604651,5527778,5123288,4778463
12,49,0,1.109,1.10892,1.10893,-1,26,7,8,1.10907,1.10892,47.34982286472774,52.65017713527226,198790165,10,-5,8,12,9,2,-3,6,5,-8,10500000,7620995,7269231,7200000,7111111,6458506,5508775,5307692,4448276,3969505,-18,-17,-14,-16,-13,1,-5,-10,0,-4,8000000,7388889,7212121,7200000,6629032,5049065,4992105,4596154,4454381,4194015
12,50,1,1.10918,1.10904,1.10892,12,21,27,14,1.10906,1.10892,44.84397531914561,55.15602468085439,313438744,28,29,7,27,25,-2,26,24,21,14,10500000,10500000,8620818,8000000,7259259,7004167,7000000,6880000,6761905,6352657,-7,-5,-3,-2,8,1,21,19,13,14,14000000,7538462,7500000,7333333,5665385,5361702,4662281,4642520,4629148,4463265
12,51,1,1.10926,1.1092,1.10904,16,21,22,6,1.10926,1.10912,48.08626272948678,51.91373727051322,259451053,5,15,0,21,19,23,20,17,-1,11,10707824,8460714,7904157,7700000,7466667,7233333,7212121,7052632,6082545,5778000,-15,-10,-12,-11,-13,10,1,-4,-8,6,9333333,8000000,7466667,7437500,7000000,6977719,6781703,6269421,5276316,5045404
12,52,1,1.1093,1.10923,1.1092,3,19,14,7,1.10929,1.10913,44.45531958238914,55.54468041761086,282795902,19,-1,26,13,20,8,21,24,17,23,14000000,8272727,8000000,7817437,7777778,7653349,7636364,7583333,7233333,7000000,-11,-12,-10,-8,-7,5,-6,10,9,0,14000000,8166667,7538462,7350000,7333333,7162443,6772727,6058730,5237410,5103478
12,53,0,1.10917,1.10906,1.10923,-17,35,6,11,1.10926,1.10911,47.67480828095222,52.32519171904778,297166743,10,-9,9,11,7,4,-16,1,6,5,14000000,10868485,10500000,10500000,7437500,7388889,6269904,6233333,6055556,6000000,-18,-24,-8,-22,-21,-19,-23,-13,1,-17,14000000,10500000,8866899,8400000,7700000,7269231,7000000,6500000,6205634,5843137
12,54,0,1.10916,1.10906,1.10906,0,21,11,10,1.10916,1.10901,46.1345882159401,53.8654117840599,212900021,17,0,14,12,13,1,15,10,-4,11,10500000,9440197,9333333,8000000,7170732,7068858,7000000,6500000,6289460,5785714,0,-11,-5,-10,-6,-9,-7,6,-2,-4,8260410,8166667,8166667,8000000,7875000,7291667,7175000,4643750,4135211,3985294
12,55,0,1.10907,1.10903,1.10906,-3,22,7,4,1.10912,1.10898,49.20898857341504,50.791011426584966,256323478,-3,16,6,17,15,18,14,-2,3,2,9779475,8750000,8398534,7500000,7175000,7145833,7129630,7003150,6785087,6189463,-13,-14,-15,-16,-18,-9,-12,-11,-1,-3,14000000,8750000,8000000,7700000,7700000,7005970,6670588,6123684,5531868,5287189
12,56,0,1.10903,1.10896,1.10903,-7,22,12,7,1.10904,1.10888,44.07249297559237,55.92750702440763,288376630,20,23,-1,22,18,21,19,17,1,-6,14000000,10500000,9188000,7636364,7466667,7388889,7368421,7333333,5834328,5629032,-15,-10,-13,-7,3,-11,-9,-14,-2,-8,7875000,7777778,7437500,7375000,7340878,7304348,7179487,7000000,6630566,6258065
12,57,1,1.10909,1.10904,1.10896,8,13,13,5,1.10906,1.10892,44.805091270867216,55.194908729132784,202994346,25,7,24,9,19,22,21,20,18,8,9333333,8442387,8000000,7425575,7368421,7250000,7184211,7116667,6086420,5679952,-5,4,-4,-7,-3,-8,-1,-2,6,5,7437500,7201119,7145833,7140000,7016667,7000000,6944444,5872340,5112972,4190824
12,58,0,1.1092,1.10897,1.10904,-7,30,23,23,1.10911,1.10896,48.75661098113445,51.24338901886555,277029228,15,17,14,12,13,18,-9,-3,-8,2,7583333,7304348,7280000,7250000,7200000,7194444,6622866,6537624,5422601,5085443,4,-7,-3,-5,0,-1,-2,10,15,20,8437037,7875000,7304348,7225806,7214286,7166667,7052632,6813882,6399245,6163871
12,59,1,1.10935,1.10929,1.10897,32,19,38,6,1.10932,1.10916,52.604496950242215,47.395503049757785,319370445,29,5,32,30,28,27,19,20,-1,18,10500000,8582749,8166667,7875000,7350000,7000000,6117778,5874074,5530286,5154348,-10,5,-13,-11,-12,-9,10,-5,15,-8,7777778,7454844,7437500,7350000,7304348,7269231,7250000,7214953,7134021,6285714
13,0,0,1.1092,1.10914,1.10929,-15,32,3,6,1.10931,1.10917,53.02624016941424,46.97375983058576,287462016,-10,10,11,-1,9,12,-5,-6,-9,8,9890909,7636364,7636364,7537119,7318182,7269231,5706325,5340659,5249434,5083333,-25,-23,-26,-21,-20,-22,-5,-19,-14,-18,14000000,14000000,9333333,8166667,8000000,7500000,7449495,7034483,5735135,5703704
13,1,1,1.10926,1.1092,1.10914,6,22,12,6,1.10929,1.10913,52.78461255601392,47.21538744398608,235359583,5,18,17,15,16,14,-4,0,6,-1,9897644,7500000,7318182,7145833,7137255,6822222,6336538,5242724,4948663,4829032,-15,-13,-10,-14,1,-12,-9,-16,-4,-8,9333333,8166667,8166667,8000000,7694215,7241379,7000000,7000000,5571429,5382609
13,2,0,1.10917,1.10902,1.1092,-18,33,23,15,1.10913,1.10901,50.61042888161139,49.38957111838861,366467752,-13,-4,19,18,22,16,5,17,-18,-9,9192683,8403571,8166667,8000000,7189189,6852941,6659091,6105263,5900000,5803297,-17,-13,-8,-15,-18,-12,-14,1,-1,20,14000000,8750000,8510204,8400000,8166667,7538462,7000000,5968992,4930435,4879310
13,3,0,1.10896,1.1089,1.10902,-12,27,9,6,1.10901,1.10887,53.74067811921879,46.25932188078121,261713951,16,17,14,-10,-9,-7,5,-2,-5,-3,7350000,7233333,7209302,7172131,6611111,6486458,5927957,5136331,4834597,4763823,-21,-20,-17,-15,-18,-14,-9,6,1,-2,14000000,8750000,7777778,7538462,7333333,7113208,6073529,5913793,5470085,4978992
13,4,1,1.10899,1.10892,1.1089,2,25,20,7,1.10898,1.10884,54.1935445832208,45.8064554167792,314450061,25,24,12,26,-5,23,-3,22,9,21,10500000,10500000,9264792,7170732,6945918,5452381,5329008,5091743,4664198,4628571,-13,-18,-14,-11,-15,9,-12,-17,-6,2,10500000,9333333,7466667,7411765,7350000,7224265,7066667,7000000,5818947,5106818
13,5,1,1.10911,1.10902,1.10892,10,19,19,9,1.10906,1.10892,58.00578420721154,41.99421579278846,255784405,23,22,5,2,7,17,12,16,20,19,7280000,6903846,6800151,6615581,6132812,5363636,5038152,4381481,4343750,4233333,-8,-9,-10,-7,-5,-6,-3,1,6,14,14000000,8166667,7875000,7500000,7291667,7200000,7106061,6037559,5593866,5402954
13,6,1,1.10919,1.10911,1.10902,9,16,24,8,1.10909,1.10896,51.70265116348476,48.29734883651524,271940906,27,26,16,28,6,5,11,21,14,25,8166667,8000000,7783282,7700000,7284286,6924206,6674771,6518072,6247674,5925926,3,-8,-2,-1,-3,-4,-6,14,17,11,8490583,8400000,8166667,7653846,7636364,7437500,7118644,5275556,5219828,4805369
13,7,0,1.10921,1.10911,1.10911,0,20,11,10,1.1092,1.10906,48.55747701866421,51.44252298133579,188498834,12,15,14,6,1,11,-4,0,10,9,8750000,7636364,7269231,7267760,6839158,5854545,5814773,4922936,4859375,4774194,-8,-10,-9,-7,-6,1,5,-4,-5,3,7583333,7583333,7388889,7140000,7132075,6838617,6438527,4405405,4344828,4102020
13,8,0,1.10914,1.10906,1.10911,-5,25,14,8,1.10915,1.109,53.20509076737762,46.79490923262238,302741863,11,-4,19,21,20,18,17,0,6,16,8494884,8213605,7777778,7583333,7304348,7125000,7040000,6773822,6690323,5791667,-16,-15,-11,-6,-12,-14,-17,-13,-2,-9,14000000,8750000,8400000,8218750,7875000,7500000,7000000,7000000,6656977,6378378
13,9,0,1.10911,1.10889,1.10906,-17,36,6,22,1.10914,1.109,49.17271833401915,50.82728166598085,184411436,-17,-2,-3,-4,-5,0,-11,-6,-16,-19,8493092,8400000,8000000,7500000,7437500,7269231,6350867,5616438,5019126,4927273,-5,-12,-14,-9,-11,-8,-10,-2,3,-1,8024775,7350000,7304348,7285714,6788462,6705882,6312500,5254747,4859375,4752396
13,10,1,1.10923,1.10915,1.10889,26,17,34,8,1.10916,1.10901,46.52262417781073,53.47737582218927,315419617,29,0,28,27,31,26,9,10,5,15,14000000,11334694,8750000,7700000,7538462,7280000,6872093,6553571,6308936,6091810,-7,7,-4,-5,-9,-2,-6,3,-3,1,14000000,8131488,8000000,7777778,7500000,7233696,7000000,6367925,5681818,5378505
13,11,0,1.10912,1.10905,1.10915,-10,33,4,7,1.10922,1.10907,45.42673053263464,54.57326946736536,285938410,-10,14,9,12,10,13,11,8,-1,-15,10850000,9333333,8750000,8400000,7777778,7700000,7636364,6791667,6703684,6283590,-13,-26,-25,-23,-24,-4,-18,-22,-20,0,8838017,8166667,7777778,7466667,7269231,6951327,6322581,6040816,5388889,5231618
13,12,1,1.10931,1.10923,1.10905,18,22,26,8,1.10928,1.10912,51.473932489960006,48.52606751004,335542980,27,-1,13,30,26,28,8,22,19,17,14000000,9107735,8241148,7538462,7269231,7000000,6546739,6000000,5807895,5777083,-12,-14,-13,-11,11,-3,15,6,19,-4,14000000,9333333,7500000,7269231,6557724,6483333,6378641,6240816,6236842,6170940
13,13,0,1.10927,1.10921,1.10923,-2,27,13,6,1.10932,1.10916,54.03476799587796,45.96523200412204,309081836,-3,6,21,11,1,20,15,-9,-8,17,9511842,8764269,7700000,6814706,6513376,6000000,5626437,5601587,5414500,5275862,-19,-16,-21,2,-20,-18,-15,-17,11,-7,8750000,8400000,8166667,8045283,7636364,7368421,7259259,7258065,6550000,6122396
13,14,1,1.10952,1.10946,1.10921,25,16,31,6,1.10943,1.10928,44.7735760560096,55.2264239439904,340689278,34,37,5,22,32,33,35,36,31,26,14000000,10500000,9430462,7897143,7700000,7583333,7368421,7250000,6875000,6783395,-9,-10,1,18,-8,-6,14,24,16,4,7333333,7000000,6855943,6441176,5530612,5449275,5173228,5016129,4894737,4868794
13,15,1,1.10988,1.10972,1.10946,26,44,42,16,1.10976,1.10959,45.03720469503559,54.96279530496441,428410043,35,38,39,34,13,37,36,32,17,28,10500000,9333333,8750000,8416667,7400000,7233333,7000000,6833333,6408929,6384906,-5,-8,37,10,-7,28,23,-4,26,13,7152174,7125000,7098485,6873859,6680556,6386598,6094253,6054054,4993151,4881200
13,16,0,1.10985,1.10967,1.10972,-5,21,19,18,1.10977,1.10962,43.234015051755954,56.765984948244046,220253106,17,15,12,2,10,13,-4,14,-1,11,9333333,7500000,7241379,7189349,7090909,7035714,6170000,6153846,5889831,5825000,-3,-1,0,2,1,16,4,15,3,13,7777778,7777778,7318182,6000000,5909091,5689535,5632353,5244717,5122807,4754483
13,17,1,1.11019,1.11008,1.10967,41,29,52,11,1.11006,1.1099,48.21599788346188,51.78400211653812,543264490,50,46,49,14,18,47,43,45,38,40,10500000,10500000,8750000,8672537,8384099,7636364,7240000,7000000,6848958,6646341,-16,-18,-17,6,24,19,29,34,15,14,14000000,8000000,7538462,7371444,7178788,6767627,6410465,6298718,6081373,6017012
13,18,0,1.11004,1.10994,1.11008,-14,39,6,10,1.11016,1.11001,47.988332743553386,52.01166725644661,296924304,12,0,10,-9,9,4,3,-11,-18,-6,10500000,8519281,8000000,7553734,6575000,6250000,5739130,5252222,5154090,4950000,-23,-22,-28,-24,-29,-26,-9,0,-21,-15,8750000,7538462,7411765,7304348,7291667,7075269,6227624,5418750,4915493,4583210
13,19,0,1.10992,1.10985,1.10994,-9,28,9,7,1.10997,1.10983,49.72252714235621,50.27747285764379,237688834,13,14,16,0,-9,9,-8,11,-5,4,8750000,7636364,7466667,7042781,6150427,6150000,5282303,4936508,4758594,4749821,-21,-19,-17,-15,-16,-14,-13,-3,-12,-6,8750000,8000000,7148936,7000000,6633333,6150000,5931034,5378304,5039130,4703443
13,20,0,1.10971,1.10967,1.10985,-18,35,4,4,1.10985,1.1097,49.02672363364066,50.97327636635934,280597433,-18,13,17,10,-15,-13,-20,8,-14,-4,10520833,7700000,7437500,7111111,5870513,5597407,5390000,5341176,5231930,5178292,-29,-31,-30,2,-25,-7,-27,-26,-17,-1,14000000,7388889,7000000,6580645,6576923,6118182,5675000,5535714,5200000,4358696
13,21,1,1.10979,1.10972,1.10967,5,17,19,7,1.10974,1.1096,48.762205731428686,51.237794268571314,287500079,25,28,23,24,13,26,22,2,1,20,10500000,8400000,8000000,7388889,7364066,7000000,6444444,5847383,5669751,5586957,1,-8,-10,10,-9,-7,-6,-3,-5,-4,8533544,7777778,7636364,7466336,7162791,7043478,7035714,6531250,6000000,5111111
13,22,0,1.10969,1.10959,1.10972,-13,30,7,10,1.10976,1.10959,46.67442255860962,53.32557744139038,316656466,7,14,0,13,12,11,4,6,10,-6,14000000,14000000,11363390,8750000,8400000,7437500,7198413,7184211,7114754,6899556,-16,-19,-9,-20,-15,-18,-14,-17,-6,-10,14000000,10500000,8286239,7875000,7700000,7538462,7500000,7304348,5713469,5633721
13,23,0,1.1096,1.1095,1.10959,-9,32,3,10,1.1097,1.10955,47.163457419871406,52.836542580128594,247937720,9,2,-9,6,5,3,-2,4,0,-12,10500000,9333333,8555309,8400000,7875000,7636364,7253968,7000000,6647887,6487736,-9,-21,-22,0,-19,-18,-20,-16,-15,-3,9461977,7875000,7225806,7189474,7132075,7102941,7000000,6000000,5947368,5439200
13,24,0,1.10956,1.10945,1.1095,-5,27,6,11,1.10962,1.10947,53.48121258357453,46.51878741642547,231580112,-5,6,5,7,4,8,-3,-7,0,-10,10504516,7777778,7350000,7350000,7194444,7189189,6626708,6104582,5983516,5813158,-14,-4,-16,-10,-11,-8,-13,-9,-15,-2,14000000,10545000,8000000,8000000,7538462,7388889,7142857,7041667,7000000,5071547
13,25,0,1.10945,1.10939,1.10945,-6,26,13,6,1.10948,1.10932,45.22144972737679,54.778550272623214,330101016,22,16,21,24,15,9,19,20,-6,-1,7700000,7538462,7333333,7269231,7185841,7040931,7035714,6468750,6415534,6338113,-20,-6,-18,-10,-16,0,5,-19,11,-1,14000000,8252011,7013333,6993966,6673810,6188316,5971965,5571429,5475625,5174812
13,26,1,1.10983,1.10978,1.10939,39,12,44,5,1.10967,1.10953,43.881399439045474,56.118600560954526,464810584,49,28,37,47,19,38,48,42,43,52,14000000,9336752,8744203,8166667,8158228,8105752,7875000,7636364,7608696,7500000,32,23,-7,-4,8,-5,-2,-3,3,28,9480702,8952632,8750000,7777778,7705128,7466667,7437500,7000000,6751220,6458333
13,27,1,1.10992,1.10985,1.10978,7,28,22,7,1.1099,1.10974,47.82459007278501,52.175409927214986,424487674,35,28,0,32,31,20,27,30,29,-9,9333333,9333333,9269663,8750000,8400000,7729249,7437500,7388889,7166667,7164094,-19,-3,-18,7,-14,-17,-16,-21,-15,-13,14000000,8056459,7700000,7660000,7466667,7466667,7368421,7318182,7304348,7291667
13,28,1,1.10995,1.1099,1.10985,5,26,10,5,1.11001,1.10984,53.70744489603352,46.29255510396648,270597036,5,-4,13,12,16,14,11,17,15,10,11173524,9993631,7583333,7291667,7269231,7218750,7071429,7000000,6952381,6096386,-20,-16,0,-14,-21,-12,-15,-13,-19,-18,14000000,10500000,9038872,8000000,8000000,7875000,7875000,7875000,7538462,7212121
13,29,1,1.11018,1.11002,1.1099,12,20,28,16,1.11008,1.10992,51.97710810118956,48.02289189881044,286023106,8,-1,22,20,19,23,21,17,12,18,9076584,8330078,8000000,7777778,7777778,7500000,7500000,6801370,6564094,6388889,-4,-3,2,1,-1,0,-2,23,14,3,14000000,7777778,7700000,7500000,7350000,7350000,7333333,6737500,6502475,6404762
13,30,0,1.11013,1.11002,1.11002,0,30,11,11,1.11018,1.11003,53.621435696367136,46.378564303632864,249114930,13,11,10,2,8,-1,-8,-3,9,1,7875000,7170732,7140000,6893484,6413580,6407944,6290296,6086678,6078947,4425612,-19,-15,-14,-18,-17,0,-6,-13,-7,3,14000000,8400000,7500000,7233333,7142857,7036991,5431356,5384615,4956967,4872597
13,31,0,1.1101,1.10999,1.11002,-3,25,17,11,1.11009,1.10994,50.07569064611982,49.92430935388018,280006858,21,19,5,20,17,18,-4,14,-1,9,9333333,7777778,7696066,7583333,7538462,7155556,7057744,6920530,6043379,5650000,-14,-12,-10,-13,-11,6,-3,-9,0,9,9333333,7304348,7259259,7212121,7148936,6365897,5904121,5660377,5225041,4919321
13,32,1,1.11039,1.11024,1.10999,25,19,40,15,1.11024,1.1101,52.30851255861549,47.69148744138451,361442868,33,4,9,32,31,28,24,19,21,14,14000000,9386435,8369403,8000000,7368421,7027027,6925620,6761751,6647642,6431139,-4,9,-3,-1,26,19,4,2,0,-2,9333333,8833831,8750000,8400000,8164759,7691099,7459459,7304348,7291667,7000000
13,33,0,1.11022,1.11017,1.11024,-7,23,7,5,1.11027,1.11013,51.87118743547294,48.12881256452706,249474794,-3,7,15,2,14,16,11,12,8,5,10564947,8068702,7583333,7468750,7466667,7280000,7148936,6861111,5700000,5371981,-8,-18,-15,-13,-17,-14,-3,2,4,-1,9820118,9333333,7700000,7583333,7538462,7212121,6687427,6095430,5507440,5396800
13,34,0,1.11004,1.10997,1.11017,-20,36,5,7,1.11017,1.11002,45.36177962811237,54.63822037188763,347749238,14,3,-8,-13,12,7,-6,-3,13,15,14000000,10643103,9937186,8532680,8000000,7428571,7275641,7228000,7200000,7000000,-28,-29,-21,-9,-27,0,-16,-1,2,-18,8166667,8000000,7623762,7540496,7538462,6668333,6292235,6198837,6024342,5944350
13,35,1,1.11006,1.10998,1.10997,1,23,10,8,1.11008,1.10993,46.64934612704224,53.35065387295776,263869377,16,4,17,18,15,13,8,11,14,10,10500000,9306984,7875000,7583333,7388889,7304348,7251701,7232558,7142857,6852941,-15,2,-13,-11,-12,-10,-14,-4,1,-9,8400000,8388696,8000000,7291667,7280000,7241379,7000000,5462687,5332068,5016393
13,36,1,1.11023,1.11017,1.10998,19,23,25,6,1.11021,1.11007,51.09134903245209,48.90865096754791,363233382,27,30,29,32,26,24,25,14,-3,17,8750000,8166667,8166667,7875000,7583333,7212121,7000000,6829321,6656780,6581340,-16,-17,10,-14,-12,-7,-13,-11,1,-10,10500000,10500000,8740688,7636364,7304348,7247727,7194444,7179487,6548266,6300000
13,37,0,1.1102,1.11003,1.11017,-14,36,14,17,1.11021,1.11007,45.21012600044432,54.78987399955568,274522524,11,12,-17,9,7,5,4,10,-2,-7,9333333,9333333,7902597,7411765,7291667,7027778,7025000,7000000,6970411,6496106,7,-19,-16,-15,5,-5,4,-6,-12,13,8113028,7875000,7700000,7225806,5161802,5111321,4632262,4612195,4476190,4461538
13,38,1,1.1107,1.1105,1.11003,47,21,67,20,1.11043,1.11028,49.98933662966916,50.01066337033084,448957492,48,44,49,45,40,12,39,30,43,42,10500000,8400000,7777778,7320000,7050633,6831272,6273026,6264706,6166667,6000000,40,-1,0,1,22,3,13,31,51,7,8076736,7700000,7583333,7350000,7198253,6353659,6308400,6028148,5790000,5551948
13,39,1,1.11077,1.11071,1.1105,21,19,27,6,1.11072,1.11057,49.6910509890026,50.3089490109974,301974587,29,7,28,22,26,24,27,1,25,20,8166667,7251574,7000000,6855670,6500000,6363636,6214286,6208654,5897436,5777778,-9,-13,-10,-6,-12,-11,3,1,-4,15,14000000,9333333,7583333,7407240,7225806,7152174,5638795,5316963,5245283,4817901
13,40,1,1.11089,1.11077,1.11071,6,32,18,12,1.11093,1.11077,53.42189643210244,46.57810356789757,288772416,16,4,15,-5,11,14,13,7,8,-11,7777778,7597089,7466667,7386161,7333333,7269231,7077778,5096234,4886667,4808333,-20,-18,-17,-15,-16,-14,-11,-13,6,-12,14000000,7875000,7538462,7259259,7233333,7175000,6283951,6105263,6022327,5866667
