hour,minute,tendance,last_ask,last_bid,first_bid,candle_body,high,low,spread,ask_median,bid_median,ask_volume_total,bid_volume_total,volume_total,bid_price1,bid_price2,bid_price3,bid_price4,bid_price5,bid_price6,bid_price7,bid_price8,bid_price9,bid_price10,bid_volume1,bid_volume2,bid_volume3,bid_volume4,bid_volume5,bid_volume6,bid_volume7,bid_volume8,bid_volume9,bid_volume10,ask_price1,ask_price2,ask_price3,ask_price4,ask_price5,ask_price6,ask_price7,ask_price8,ask_price9,ask_price10,ask_volume1,ask_volume2,ask_volume3,ask_volume4,ask_volume5,ask_volume6,ask_volume7,ask_volume8,ask_volume9,ask_volume10
8,38,0,1.11527,1.11494,1.11509,-15,63,18,33,1.11525,1.11501,53.54392181396645,46.45607818603355,85976276,29,0,4,-6,3,-4,2,1,-2,-9,6666667,3827160,3000000,2112150,2000000,1847458,1821429,1666667,1621495,1548485,-30,-27,-9,-4,3,-5,2,4,13,1,7500000,5000000,3666667,3617188,2292857,2200000,1932692,1908197,1900000,1772727
8,39,0,1.11511,1.11482,1.11494,-12,59,17,29,1.11513,1.11483,33.463285680581514,66.5367143194185,177074139,17,30,27,28,31,18,23,16,33,8,10000000,10000000,7500000,5625000,5500000,5000000,5000000,5000000,5000000,2669355,-30,-11,-17,-20,-4,-9,17,3,-2,1,5714286,3290476,3000000,2800000,2282540,2020833,1900000,1851759,1816667,1796458
8,40,0,1.11493,1.11464,1.11482,-18,86,12,29,1.11508,1.11475,50.68714880862657,49.31285119137343,268116815,10,31,25,29,7,13,27,32,26,9,10000000,10000000,6666667,6250000,5833333,5000000,5000000,5000000,5000000,4400000,-53,-51,-48,-56,-50,-32,-47,-57,-55,-52,10000000,10000000,6666667,6666667,6000000,6000000,5454545,5000000,5000000,5000000
8,41,0,1.11479,1.11448,1.11464,-16,78,15,31,1.11489,1.11457,47.5323538311504,52.4676461688496,205247254,19,21,28,8,17,12,15,20,0,-3,7500000,6666667,6666667,6250000,6250000,5714286,5250000,5000000,3534483,3108108,-43,-36,-35,-47,-38,-34,-20,-19,-17,-16,10000000,10000000,10000000,6666667,5500000,5000000,2689189,2548387,2511947,2363189
8,42,0,1.11478,1.11448,1.11448,0,75,30,30,1.11487,1.1145,45.42491238819025,54.57508761180975,274846223,24,25,33,21,11,12,17,15,28,26,10000000,10000000,10000000,7500000,6666667,6250000,6000000,5227273,5000000,5000000,-31,-33,-44,-38,-22,-45,-35,-29,-30,-41,10000000,7500000,7500000,7500000,6500000,6250000,5357143,5000000,5000000,5000000
8,43,1,1.11476,1.11451,1.11448,3,62,28,25,1.11482,1.1145,48.512608625114254,51.48739137488575,160635159,32,28,27,25,31,29,3,1,2,9,10000000,6250000,6000000,5833333,5454545,5312500,3254989,2653313,2523346,2500000,-37,-35,-34,-32,-30,-33,-13,-9,-15,-2,10000000,7500000,6250000,5714286,5000000,5000000,3000000,2401709,2214286,2203498
8,44,1,1.11475,1.11454,1.11451,3,60,24,21,1.1148,1.1145,42.12558066832068,57.87441933167932,160781976,32,28,33,31,30,27,35,4,9,-1,10000000,10000000,10000000,5714286,5625000,5333333,5000000,3000000,2837500,2350884,-35,-38,-30,-39,-32,-34,-5,-3,-16,-9,5416667,5161290,5000000,5000000,5000000,5000000,2658519,2571674,2230769,2224444
8,45,1,1.11501,1.1147,1.11454,16,61,47,31,1.11493,1.11459,51.35144373192505,48.64855626807495,203857063,41,38,31,44,40,26,22,2,17,29,10000000,7500000,6666667,5625000,5000000,3142857,3000000,2853723,2816054,2625000,-15,-30,-14,-10,-12,-22,-23,-7,1,14,10000000,6666667,5833333,5454545,5000000,5000000,5000000,4000000,3885246,2693069
8,46,1,1.11513,1.11489,1.1147,19,52,43,24,1.11505,1.11472,42.55584443344807,57.44415556655193,227175955,43,35,48,39,46,50,44,37,38,36,10000000,7500000,6250000,6250000,6000000,5833333,5833333,5625000,5555556,5500000,-25,-23,-18,-28,-27,-20,-26,3,-2,2,10000000,10000000,6666667,6666667,5833333,5000000,5000000,3312888,3157895,2315054
8,47,0,1.11505,1.11462,1.11489,-27,82,23,43,1.11508,1.11474,58.94109581060022,41.05890418939978,257681519,21,14,19,4,22,12,11,26,-6,-3,10000000,6666667,6000000,6000000,5500000,5357143,5227273,5000000,3177158,3025862,-31,-37,-38,-23,-27,-24,-34,-39,-35,-29,10000000,10000000,10000000,10000000,7500000,7500000,6250000,5714286,5000000,5000000
8,48,1,1.11497,1.1147,1.11462,8,61,35,27,1.11497,1.11464,48.61805562139876,51.38194437860124,198915314,30,27,39,29,37,35,33,34,31,11,10000000,7500000,6000000,5714286,5714286,5625000,5135135,5000000,5000000,3123457,-34,-30,-28,-23,-32,-25,-27,-31,-3,-7,7500000,7500000,7500000,7500000,6666667,6666667,6000000,5333333,3012411,2757143
8,49,0,1.11476,1.11458,1.1147,-12,62,7,18,1.11488,1.11455,48.63812011675519,51.36187988324481,173067429,32,36,29,31,27,28,34,-1,7,11,7500000,7500000,6250000,5714286,5454545,5000000,5000000,2739967,2444853,2192308,-33,-37,-35,-44,-39,-31,-20,-22,-16,-11,7500000,5625000,5312500,5000000,5000000,5000000,4142857,4000000,2675532,2488084
8,50,0,1.1149,1.11458,1.11458,0,64,32,32,1.11488,1.11454,47.31510916272866,52.68489083727134,166718808,32,29,35,38,34,28,10,7,3,12,10000000,10000000,6250000,6000000,5000000,5000000,3648649,3296429,2508197,2153846,-21,-23,-20,-17,-25,-32,-7,3,-6,-5,6666667,6000000,5714286,5625000,5000000,5000000,2750000,2619826,2333333,2166667
8,51,1,1.11493,1.1147,1.11458,12,49,35,23,1.11489,1.11462,52.67289435483144,47.32710564516856,128814949,37,39,38,40,11,19,14,12,8,17,7500000,5416667,5357143,5294118,3247389,3142857,3124088,1883944,1685822,1674419,-24,-21,-26,-25,-20,-3,-4,3,2,8,6666667,6666667,6666667,5185185,5000000,3035714,3000000,2407834,2295290,2025235
8,52,0,1.1149,1.11442,1.1147,-28,86,20,48,1.11493,1.11462,38.18979294768985,61.81020705231015,163326311,9,12,0,5,1,15,7,2,-17,-26,10000000,6666667,6666667,6250000,5555556,5000000,5000000,5000000,3092920,2642964,-37,-38,-14,-18,-7,-12,-8,-6,-5,-1,5000000,5000000,2771739,2230769,2068508,1891892,1836054,1791988,1779423,1684422
8,53,1,1.11497,1.1147,1.11442,28,62,55,27,1.11498,1.11468,48.623294908197366,51.37670509180264,169977798,26,28,27,31,25,2,11,-7,0,-5,10000000,7500000,6666667,5312500,5000000,2708465,2613333,2418978,2350426,2222441,-35,-34,-32,-25,-9,-7,-3,-13,-21,-12,10000000,10000000,5000000,5000000,2973077,2289762,2046384,2022059,2000000,1910853
8,54,1,1.115,1.11479,1.1147,9,58,30,21,1.11507,1.11476,61.8971654486896,38.1028345513104,123170217,29,30,5,2,4,14,13,9,3,-1,7500000,5000000,2379242,2180992,1995567,1772727,1712329,1544776,1427565,1367974,-31,-34,-33,-37,-35,-6,-10,-9,-22,-17,10000000,10000000,5000000,5000000,5000000,3160202,2302083,2099315,2000000,2000000
8,55,0,1.11492,1.11472,1.11479,-7,62,14,20,1.11497,1.11464,48.93555575324479,51.06444424675521,170244755,31,39,28,37,36,34,13,4,2,17,7500000,6666667,6250000,5000000,5000000,5000000,3681269,2775443,2610929,2333333,-42,-28,-39,-31,-34,-18,-5,2,-14,-12,7500000,7500000,5000000,5000000,5000000,4000000,2518595,2336384,2277778,2262195
8,56,0,1.11491,1.11459,1.11472,-13,75,22,32,1.11496,1.11459,51.991063440838985,48.008936559161015,268627327,21,27,26,35,20,24,19,28,30,17,10000000,10000000,5714286,5555556,5454545,5312500,5000000,5000000,5000000,3166667,-35,-31,-27,-26,-38,-24,-28,-43,-25,-23,10000000,7500000,7500000,7500000,6250000,5714286,5625000,5555556,5156250,4714286
8,57,0,1.11474,1.11447,1.11459,-12,66,15,27,1.11484,1.11452,55.94234978875088,44.05765021124912,186445041,18,24,32,23,3,-12,2,5,-3,6,5000000,5000000,5000000,5000000,2559809,2526754,2463983,2459459,2392768,2346154,-28,-39,-32,-30,-37,-36,-34,-11,-2,-7,10000000,10000000,6250000,5227273,5000000,5000000,5000000,2685806,2463907,2388889
8,58,1,1.11482,1.11468,1.11447,21,45,35,14,1.11479,1.11445,49.780464623255526,50.21953537674448,203543277,59,60,56,54,33,35,30,13,9,28,7500000,7500000,5000000,5000000,3255882,2891447,2871158,2657727,2420297,2354855,-22,-18,-16,-25,-31,-8,-14,12,13,4,7500000,6000000,5714286,5000000,5000000,3162393,3100000,2735407,2705082,2565870
8,59,0,1.11484,1.11463,1.11468,-5,59,17,21,1.11492,1.11455,40.32738528599895,59.67261471400105,190234756,39,32,30,31,27,28,26,4,14,25,10000000,7500000,6250000,6250000,6000000,5000000,5000000,4251716,2709677,2366667,-38,-36,-11,-16,-20,-8,17,-13,-21,4,6666667,5000000,2965120,2451049,2056338,1992569,1900000,1876022,1875000,1824691
9,0,1,1.11478,1.11464,1.11463,1,56,15,14,1.11489,1.11455,47.69571758209624,52.30428241790376,148353994,34,32,33,29,31,5,7,12,9,3,6666667,6250000,5000000,5000000,5000000,3841847,2480344,2310526,2040761,1834457,-38,-42,-18,-17,-12,-20,-14,-27,-11,-15,10000000,10000000,2650000,2477011,2132779,2083333,2009615,2000000,1957505,1922589
9,1,0,1.11463,1.11422,1.11464,-42,87,29,41,1.11471,1.11438,48.12388869184548,51.87611130815452,275181887,31,24,28,18,30,27,4,-37,-2,-5,10000000,5250000,5000000,5000000,5000000,3250000,3234104,2882493,2438083,2251320,-43,-44,-42,-39,-41,-12,-17,-15,-22,11,10000000,6250000,5555556,5200000,4250000,2687279,2567591,2538523,2482993,2192521
9,2,0,1.1143,1.11406,1.11422,-16,84,8,24,1.11457,1.1142,55.725108188750745,44.274891811249255,214024331,22,9,10,13,-18,8,-9,-4,-6,4,10000000,5333333,5200000,5000000,3431261,2807692,2376050,2236111,2114243,2000000,-60,-57,-49,-53,-58,-46,-41,-51,-13,-22,6666667,6250000,6000000,5000000,5000000,3900000,3703704,3166667,3120520,2891249
9,3,0,1.11427,1.11397,1.11406,-9,87,25,30,1.11437,1.11396,49.30881230943275,50.69118769056725,358189828,36,43,25,31,37,40,26,28,29,39,10000000,10000000,6250000,6250000,6250000,6250000,6250000,6000000,5714286,5625000,-57,-53,-38,-36,-37,-42,-51,-35,-44,-47,10000000,10000000,7500000,7500000,7500000,6250000,6000000,5555556,5500000,5500000
9,4,1,1.11421,1.11401,1.11397,4,60,24,20,1.1143,1.114,44.57109335277142,55.42890664722858,138219378,31,34,28,25,13,-4,3,15,4,1,10000000,7500000,5625000,5000000,2582278,2262947,2149190,2000000,1962751,1869231,-32,-36,-40,-4,-13,-9,-14,-16,4,-11,5714286,5000000,5000000,2219856,2157353,1947758,1886024,1773958,1657143,1630215
9,5,1,1.11453,1.1142,1.11401,19,62,52,33,1.11447,1.11414,56.01029211266763,43.98970788733237,182680472,32,-4,5,15,31,28,23,0,-3,26,10000000,2598565,2451114,2032508,2000000,2000000,1878788,1803679,1723748,1666667,-21,-26,-28,-25,-7,1,-4,-9,-2,-19,7500000,5500000,5000000,2500000,2303571,2294150,2190265,2166667,2053369,2000000
9,6,1,1.11452,1.11433,1.1142,13,52,32,19,1.11448,1.11418,53.6771680193731,46.3228319806269,129944307,39,9,19,18,25,28,23,32,29,12,2666667,2519135,2256325,2256218,2172065,2152174,2101064,2000000,1975000,1758712,-33,25,2,-9,0,24,-13,-3,9,-12,10000000,2300000,2244173,2166667,2091085,2075000,2000000,1992325,1976710,1833333
9,7,1,1.11474,1.11442,1.11433,9,53,41,32,1.11462,1.11437,57.93406149172698,42.06593850827302,145977946,44,18,25,15,21,12,24,14,9,10,5000000,3444444,2666667,2632653,2132653,2054519,2000000,1955895,1951752,1810437,-16,-15,-20,-21,-4,9,-2,5,22,4,10000000,10000000,5625000,5000000,3961538,2084169,2000000,1950405,1944697,1897577
9,8,1,1.1147,1.11454,1.11442,12,50,28,16,1.11473,1.11441,62.87206325412914,37.12793674587086,190428675,50,37,46,45,22,14,21,19,13,15,10000000,10000000,5000000,5000000,2961538,2446236,2038983,1885484,1813826,1717679,-24,-22,-34,-32,-29,-31,-25,-30,-23,-26,10000000,10000000,10000000,6250000,5833333,5833333,5833333,5416667,5000000,5000000
9,9,0,1.11469,1.11453,1.11454,-1,64,15,16,1.11481,1.1145,61.91421827618605,38.08578172381395,155053937,25,29,12,13,8,0,3,15,4,7,5000000,5000000,2448198,2269531,2227017,2088617,1875173,1869565,1852256,1719917,-39,-48,-31,-32,-46,-35,-20,0,-25,-22,10000000,10000000,10000000,6666667,5000000,5000000,2674699,2100792,2000000,1974359
9,10,1,1.11489,1.11471,1.11453,18,45,36,18,1.11491,1.11458,53.57468795288776,46.42531204711224,198466666,34,45,42,39,31,26,29,12,3,0,6250000,5833333,5000000,5000000,3454545,2350340,2277778,2254229,2236349,2085570,-21,-22,-24,-20,-25,-26,-27,-19,-17,-15,7500000,6666667,6000000,5666667,5000000,5000000,5000000,2750000,2625000,2273588
9,11,0,1.11463,1.11439,1.11471,-32,78,5,24,1.11482,1.11449,52.78151410499196,47.21848589500804,215771906,15,19,6,12,11,16,7,-33,-1,-20,10000000,10000000,6000000,5000000,5000000,5000000,4000000,2800000,2601852,2231920,-38,-47,-54,-36,-44,-43,-50,-41,-39,-34,10000000,7500000,6666667,5500000,5000000,5000000,5000000,5000000,3500000,3333333
9,12,0,1.11436,1.11415,1.11439,-24,78,10,21,1.11457,1.11423,52.08530355727768,47.91469644272232,243328938,27,26,17,15,18,30,29,14,0,-9,10000000,7500000,5000000,5000000,5000000,5000000,5000000,4411765,3008939,2286471,-49,-51,-43,-57,-52,-46,-42,-40,-44,-39,10000000,8000000,7500000,5000000,5000000,4666667,4285714,4166667,4000000,3800000
9,13,1,1.1144,1.11418,1.11415,3,56,25,22,1.11445,1.1141,51.09172200704406,48.90827799295594,173771252,38,33,35,41,24,27,3,22,26,29,6250000,5000000,5000000,5000000,4000000,3000000,2513143,2090909,2000000,2000000,-32,-29,-27,-24,-34,-20,-12,6,-3,4,10000000,10000000,6000000,5200000,5000000,4000000,2070122,2050378,1840982,1785903
9,14,0,1.1142,1.11402,1.11418,-16,61,14,18,1.11433,1.114,42.48391641301061,57.5160835869894,180601504,41,40,34,35,37,44,-13,26,13,39,7500000,5714286,5000000,5000000,4000000,3500000,3281106,3000000,2794774,2000000,-36,-34,-38,-5,-14,-23,-25,-18,-15,-28,7000000,5000000,2285714,2098545,2095822,1909970,1812102,1574783,1530769,1528846
9,15,0,1.11401,1.11375,1.11402,-27,71,11,26,1.11417,1.1138,42.15452980468262,57.84547019531738,150119817,28,25,12,16,13,-14,9,8,15,-5,10000000,10000000,3250000,2666667,2100000,1969363,1909091,1862848,1833333,1768945,-42,-4,-34,-30,-7,2,-19,-38,-24,-14,2000000,1911682,1800000,1777778,1668286,1661828,1524848,1500000,1489826,1472668
9,16,1,1.11408,1.11392,1.11375,17,53,44,16,1.11404,1.11364,46.97387473700127,53.02612526299873,213418330,73,67,12,69,71,38,47,17,3,-1,7000000,2333333,2118326,2071429,2000000,1937704,1888689,1852959,1851173,1647205,-31,-19,-17,0,9,3,13,33,-7,18,2000000,1855056,1827875,1755863,1695032,1684386,1652693,1617816,1591935,1577009
9,17,1,1.11415,1.11395,1.11392,3,45,31,20,1.11413,1.11383,49.70068615542741,50.29931384457259,163957167,47,34,6,30,15,-3,29,25,0,-7,5000000,2653846,2411905,2185366,2142857,1999615,1990576,1976825,1792732,1745614,-10,-24,-25,16,-16,-12,29,7,-15,15,2758352,2571429,2500000,2300000,2054511,2047600,2000000,1956599,1904389,1866569
9,18,1,1.11434,1.11403,1.11395,8,71,39,31,1.11438,1.11401,60.745616325027065,39.254383674972935,213079267,29,32,36,14,8,-12,28,5,-2,2,5000000,5000000,5000000,2893357,2232184,2042544,2000000,1917357,1816506,1718401,-30,-38,-37,-33,-36,-35,-32,-31,-40,-27,7500000,7500000,6000000,5625000,5625000,5142857,5000000,5000000,5000000,5000000
9,19,0,1.11416,1.11394,1.11403,-9,80,13,22,1.11436,1.11401,54.56691827658257,45.43308172341743,280656533,23,30,25,26,18,34,19,29,12,5,10000000,10000000,6666667,6666667,6000000,6000000,5277778,5227273,3242424,3076923,-43,-46,-48,-58,-47,-53,-42,-57,-51,-55,10000000,10000000,7500000,7500000,6666667,6000000,5833333,5833333,5357143,5312500
9,20,0,1.1142,1.11386,1.11394,-8,71,26,34,1.11427,1.11392,48.29000630589224,51.70999369410776,244434878,29,24,25,21,20,26,23,27,19,22,10000000,7500000,7500000,6666667,6666667,6666667,6000000,5833333,5833333,5312500,-29,-27,-35,-28,-37,-36,-33,-32,-24,-5,10000000,10000000,10000000,7500000,7500000,7500000,6250000,5714286,5000000,2990447
9,21,1,1.11418,1.11393,1.11386,7,61,32,25,1.1142,1.11384,38.71153203533152,61.28846796466848,247948035,30,27,39,42,48,36,33,37,32,44,10000000,10000000,10000000,10000000,10000000,10000000,6250000,5277778,5000000,5000000,-28,-36,-19,-20,-7,-17,-23,10,-21,8,10000000,6250000,6250000,5384615,3046812,2834400,2672000,2530500,2187500,2058337
9,22,0,1.11391,1.1137,1.11393,-23,65,11,21,1.11404,1.11374,53.05867380609463,46.94132619390537,196114685,17,34,22,21,11,10,-10,-5,5,-15,10000000,10000000,7500000,6666667,2666667,2428571,2311650,2099653,1974359,1941875,-44,-35,-34,-43,-41,-40,-31,-14,-17,-19,7500000,7500000,7500000,6666667,5000000,5000000,5000000,2377033,2159953,2069725
9,23,1,1.11435,1.11407,1.1137,37,53,65,28,1.11414,1.11384,47.087111593311576,52.91288840668842,257254002,71,54,57,51,73,69,53,18,47,48,10000000,10000000,7500000,5166667,5000000,5000000,3500000,2590032,2567227,2438596,-21,-8,-10,-18,-22,-25,-5,1,0,40,6666667,5000000,5000000,5000000,5000000,5000000,3333333,3264741,2773732,2106643
9,24,0,1.11429,1.11395,1.11407,-12,63,24,34,1.11428,1.11398,60.623298747078,39.376701252922,163130506,36,6,20,12,10,15,-3,0,-5,16,7500000,3530835,2666667,2555556,2506329,2500000,2035362,1911888,1729788,1666667,-29,-27,-19,-25,-24,-26,4,-9,-6,9,10000000,10000000,6666667,6666667,5714286,5000000,3370731,2354211,2339964,2163649
9,25,1,1.11423,1.11405,1.11395,10,55,28,18,1.11428,1.11396,46.34015225967729,53.65984774032271,163878976,41,47,43,44,45,42,20,16,18,10,7500000,7500000,6666667,6666667,5833333,5714286,3000000,2852601,2264706,2014733,-24,-26,-31,-29,-37,-2,3,-7,-15,-11,6666667,6250000,5555556,5333333,5000000,3116180,2106765,2059701,1987013,1956522
9,26,0,1.11427,1.114,1.11405,-5,64,22,27,1.11432,1.11398,63.80895681394943,36.19104318605057,205146474,37,32,17,20,14,11,15,2,12,13,10000000,6666667,3739130,3000000,2909091,2733668,2439394,2016642,2000000,1916667,-29,-31,-30,-37,-34,-27,-33,-14,-25,-21,10000000,10000000,10000000,7500000,6250000,6000000,5000000,4647059,4500000,4222222
9,27,1,1.11437,1.11413,1.114,13,52,37,24,1.11439,1.11407,59.1098226093503,40.8901773906497,149289323,27,20,25,24,26,22,-2,3,13,8,6000000,4000000,3000000,2133333,2000000,2000000,1870231,1810724,1756024,1702396,-25,-21,-24,-28,-17,-23,3,-19,7,-6,11000000,8000000,7500000,5000000,4000000,3333333,2653080,2000000,1875226,1872222
9,28,1,1.11441,1.11415,1.11413,2,45,29,26,1.11435,1.11399,52.6181305906921,47.3818694093079,163576237,45,42,36,40,37,32,35,39,17,28,10000000,9000000,6000000,3400000,3000000,2625000,2500000,2000000,1839793,1818182,-18,-14,-12,-13,-17,-16,-19,-11,-15,11,6666667,6250000,6000000,5666667,5000000,4307692,3000000,2750000,2500000,2448734
9,29,0,1.11435,1.114,1.11415,-15,65,25,35,1.11434,1.11401,61.22630010735798,38.77369989264202,131385669,20,11,-5,5,-22,-21,-10,2,-8,0,1794118,1716049,1693708,1646635,1600000,1600000,1508209,1486288,1407563,1401992,-27,-24,-18,-30,-23,1,25,15,23,0,7500000,5500000,5000000,3000000,2500000,2410280,2300000,2212821,2126667,2050427
9,30,0,1.11434,1.1138,1.114,-20,108,51,54,1.11418,1.1137,39.97353321571527,60.02646678428473,264635096,38,37,42,39,35,27,29,30,33,28,12000000,6333333,5833333,5714286,5200000,5166667,5111111,5052632,5000000,4764706,-6,-10,-18,-19,4,-9,-13,46,-16,-54,5833333,5000000,3500000,3090909,2693103,2666667,2100000,2066667,2000000,2000000
9,31,0,1.11417,1.11364,1.1138,-16,283,38,53,1.11466,1.11377,58.97349976236431,41.026500237635695,381070696,23,14,20,7,30,28,12,11,10,26,3500000,2817722,2685714,2480645,2350000,2315789,2285714,2230159,2211395,2192308,-118,-62,-230,-173,-68,-102,-103,-57,-55,-59,5000000,4976000,4000000,4000000,3733333,3500000,3500000,2983106,2528889,2395122
9,32,1,1.11463,1.11438,1.11364,74,84,99,25,1.11447,1.11411,50.12392469258235,49.87607530741765,370517764,14,93,8,98,5,-21,23,58,-30,38,2597842,2500000,2425140,2200000,2185527,2134969,2110355,2061917,2058824,2019802,-15,20,18,-51,-10,-17,-59,11,29,10,2415130,2389348,2323645,2086207,2021880,2005903,2000000,1996933,1990173,1954545
9,33,1,1.11479,1.11449,1.11438,11,61,41,30,1.11477,1.11439,49.09602860615117,50.90397139384883,237646790,42,38,36,44,40,39,35,34,28,29,10000000,10000000,10000000,5833333,5357143,5000000,5000000,5000000,5000000,5000000,-31,-25,-21,-28,-23,-22,-26,-30,-27,-17,10000000,6250000,6000000,5625000,5000000,5000000,5000000,5000000,5000000,2666667
9,34,1,1.11493,1.11467,1.11449,18,73,45,26,1.11489,1.11453,48.55590106288199,51.44409893711801,259827904,57,61,60,59,64,34,8,32,38,-10,10000000,6250000,5625000,5000000,5000000,2345590,2168000,2162476,2080962,2012023,-46,-42,-47,-33,-20,24,28,-24,-2,-15,10000000,5000000,5000000,4250000,2641918,2152314,2029812,1975610,1944402,1851762
9,35,1,1.11527,1.11492,1.11467,25,85,60,35,1.11521,1.11488,40.98515247652973,59.014847523470266,278714764,47,52,41,48,49,55,56,51,33,-11,10000000,10000000,6000000,5000000,5000000,5000000,5000000,5000000,2356132,2250627,-50,-33,14,-31,-21,12,-4,7,5,23,5000000,2636364,2177289,2173913,1969014,1865816,1865491,1839798,1823225,1811743
9,36,1,1.11531,1.11508,1.11492,16,52,44,23,1.11518,1.11489,50.3702468336884,49.6297531663116,173024032,49,45,5,43,31,42,37,28,40,14,10000000,4250000,2186785,2142857,2018301,2000000,1857851,1847606,1796875,1791136,-29,-22,-14,-13,0,18,27,-10,9,42,5000000,5000000,3000000,2250000,2186846,1918377,1758015,1745763,1675962,1600000
9,37,1,1.11553,1.11515,1.11508,7,57,55,38,1.11529,1.11494,43.47136981186896,56.52863018813104,246533745,53,45,39,47,52,43,49,58,56,50,10000000,7500000,6250000,6250000,5625000,5000000,5000000,5000000,5000000,5000000,-7,-8,-9,-19,-2,0,40,22,18,31,10000000,10000000,7500000,5000000,3750000,3166667,2091636,2074981,1847697,1821689
9,38,0,1.11526,1.11503,1.11515,-12,58,28,23,1.1153,1.11499,42.9963735580609,57.0036264419391,199037793,38,40,35,27,37,23,0,9,-9,17,10000000,6000000,5041667,5000000,5000000,2375969,2279629,2183137,2045812,1966667,-35,-19,-5,-22,-14,-25,-31,-9,4,-27,3000000,2176673,2150709,2138482,2040990,1877717,1823529,1747110,1707827,1701613
9,39,1,1.11541,1.11512,1.11503,9,54,40,29,1.11529,1.11494,46.02479683866761,53.97520316133239,210005883,40,41,44,46,38,54,50,49,18,27,10000000,7500000,6250000,6250000,5000000,5000000,5000000,5000000,3069184,2447183,-14,-25,-17,-22,-23,-10,-7,1,10,-8,10000000,7500000,6000000,5000000,5000000,3000000,2395833,2237242,2168792,2000000
9,40,0,1.11528,1.11512,1.11512,0,54,22,16,1.11532,1.11498,45.99884846656703,54.00115153343297,205550263,35,36,42,33,32,46,44,30,41,29,7500000,6666667,6666667,6000000,5833333,5500000,5454545,5000000,5000000,3500000,-36,-38,-29,-32,-34,-31,-16,-12,-24,-3,10000000,6000000,5250000,5000000,5000000,5000000,2406513,2244258,2133333,2013578
9,41,1,1.11539,1.11524,1.11512,12,61,27,15,1.11543,1.11518,51.17151088439971,48.82848911560029,167766303,37,40,30,21,24,-1,4,7,14,31,5000000,5000000,2372549,2127918,1981383,1855893,1847539,1843047,1835610,1750000,-45,-46,-29,4,8,-18,-36,-21,-16,-9,10000000,5000000,2705882,2144380,2091016,2074643,2000000,1993109,1805126,1786923
9,42,1,1.11593,1.11556,1.11524,32,58,69,37,1.11568,1.11538,50.98254146587426,49.01745853412574,188606900,18,9,35,21,54,31,36,49,16,25,2480485,2350891,2265517,2053774,2000000,1992939,1987973,1923077,1875566,1863386,-21,3,36,-3,10,53,-1,45,27,1,5000000,3226190,2675573,2666667,2252093,2190698,2088235,2005996,1933792,1837500
9,43,0,1.11583,1.11543,1.11556,-13,76,27,40,1.11584,1.11547,43.18752322055061,56.81247677944939,240659668,23,20,24,26,19,21,22,17,29,27,10000000,10000000,10000000,10000000,7500000,7500000,5833333,5000000,5000000,5000000,-27,-28,-25,-30,-33,-36,-34,-20,-18,-9,10000000,7500000,7500000,6666667,5000000,5000000,5000000,3000000,2655172,2284519
9,44,1,1.11573,1.1155,1.11543,7,58,30,23,1.11574,1.11545,45.14060117705438,54.85939882294562,132238580,29,30,35,15,24,12,10,19,5,3,7500000,6000000,5000000,2313688,2250000,2174265,2101590,2096774,2074570,2065349,-35,-10,-7,-19,-17,7,-6,3,-20,18,6000000,2231603,2062097,1958333,1937500,1856632,1854876,1749844,1700000,1666667
9,45,0,1.1155,1.1153,1.1155,-20,72,6,20,1.11566,1.11532,38.98999516422239,61.01000483577761,172458303,15,25,18,27,20,23,28,29,-8,8,10000000,10000000,7500000,6666667,5000000,5000000,5000000,5000000,2545620,2250000,-42,-52,-16,-33,-35,-31,-25,-26,-21,-7,6250000,5000000,2804921,2647059,2500000,2333333,2035714,1900000,1881944,1724969
9,46,1,1.11557,1.11537,1.1153,7,60,27,20,1.11565,1.11533,49.10826825353018,50.891731746469816,189253159,27,38,35,34,31,-1,17,2,12,26,6666667,5000000,5000000,5000000,5000000,2328406,2210289,2172455,2037125,2000000,-40,-35,-37,-32,9,-9,7,-26,0,-27,7500000,6666667,5500000,4000000,2454762,2339436,2088898,2054795,2014866,2000000
9,47,0,1.11542,1.11519,1.11537,-18,82,11,23,1.11559,1.1153,55.25448691451659,44.74551308548341,163569196,17,25,8,-11,-19,0,-6,-2,2,4,6250000,5000000,2717391,2000558,1939827,1852761,1813852,1748663,1744545,1732824,-59,-43,-41,-45,-38,-39,-24,2,-15,-13,5000000,5000000,5000000,5000000,3875000,2250000,2099106,1918987,1883596,1835859
9,48,0,1.11516,1.11492,1.11519,-27,91,3,24,1.11542,1.11509,59.12892739640701,40.87107260359299,210424710,9,13,-2,-20,6,-23,-10,8,-11,-33,6666667,5000000,2434884,2267545,2250000,2046538,2043007,2000000,1892361,1845857,-59,-57,-62,-58,-67,-55,1,-6,-32,0,10000000,10000000,10000000,6250000,5000000,5000000,2766667,2522603,2503103,2187500
9,49,0,1.11479,1.11451,1.11492,-41,99,12,28,1.11502,1.11468,52.67246532984734,47.32753467015266,231649254,24,22,27,15,10,-8,-17,-32,-41,-4,5833333,5000000,5000000,5000000,2500000,2467156,2272090,2110156,2097561,1990601,-69,-67,-71,-62,-52,1,-31,-38,-34,-56,10000000,10000000,7500000,5000000,2482759,2415596,2254194,2105263,2076331,2000000
9,50,1,1.11522,1.11491,1.11451,40,46,71,31,1.11498,1.11468,50.5989126875341,49.4010873124659,183828298,59,64,55,32,36,14,50,43,38,8,5000000,5000000,5000000,2683850,2174717,2111645,2000000,1905660,1890741,1814093,-15,-10,47,50,18,44,52,35,9,-2,10000000,5000000,3000000,2650000,2072054,2055147,2000000,1987470,1907203,1904762
9,51,1,1.11527,1.11501,1.11491,10,63,36,26,1.11525,1.11489,49.76720466082073,50.23279533917927,215875456,44,47,48,45,49,24,28,35,33,27,7500000,6666667,6250000,5833333,5000000,2624820,2500000,2416667,2214286,2202128,-30,-35,-21,-37,-26,-32,-19,23,27,26,10000000,7500000,5000000,5000000,5000000,5000000,3000000,2247368,2055385,1983333
9,52,0,1.11514,1.11497,1.11501,-4,49,15,17,1.11519,1.11485,46.9669769958327,53.0330230041673,148783738,41,36,44,40,39,12,3,7,15,6,6000000,6000000,5000000,5000000,5000000,2560300,2124811,1993032,1926744,1762062,-31,-32,-27,-26,-20,1,-17,10,-8,-12,10000000,5000000,5000000,5000000,2200000,2111591,1915966,1715493,1680300,1535545
9,53,0,1.11492,1.11464,1.11497,-33,74,23,28,1.11498,1.1147,44.628609409422914,55.371390590577086,191139926,26,22,33,36,38,5,-13,-21,-16,9,10000000,5000000,5000000,5000000,5000000,2499321,2158889,1925536,1871363,1842482,-45,-46,-35,5,-12,14,-28,-32,-21,0,5000000,5000000,2333333,2055763,1956307,1868790,1720588,1714286,1667530,1646538
9,54,1,1.11495,1.11474,1.11464,10,50,46,21,1.11481,1.1145,56.05669740702853,43.94330259297147,180360488,50,45,15,19,43,41,6,9,32,34,4125000,2910714,2360823,2257400,2096774,2078378,1989266,1887500,1801176,1720000,-25,-28,-14,-29,-15,17,8,46,-12,25,6250000,5833333,5000000,5000000,2666667,2220750,2054155,2000000,2000000,1903846
9,55,1,1.11502,1.11479,1.11474,5,53,28,23,1.11498,1.11465,46.63542163625747,53.36457836374253,191665680,34,44,48,46,38,47,39,20,2,30,10000000,10000000,7500000,6250000,5000000,5000000,5000000,2278285,2146799,2000000,-26,-30,-17,-24,-20,15,-2,-13,-11,14,10000000,10000000,5714286,5000000,5000000,2136232,2088278,1750000,1732759,1713548
9,56,1,1.1151,1.11482,1.11479,3,68,31,28,1.11513,1.11482,64.37758845136003,35.62241154863997,175968634,27,23,12,5,7,-3,2,-12,1,9,5000000,2775000,2187097,2104698,2016418,1866628,1859099,1831795,1821771,1654054,-33,-40,-29,-31,-27,-25,-36,-30,-26,-3,7500000,7500000,7500000,6666667,5833333,5454545,5000000,5000000,3000000,2260656
9,57,1,1.11527,1.11491,1.11482,9,61,45,36,1.11519,1.11486,67.9620606986188,32.0379393013812,177510596,32,34,11,-3,1,-1,16,18,-2,0,10000000,5000000,2325203,1867143,1834161,1708554,1658537,1653846,1596987,1553971,-18,-17,-16,-14,-12,-15,-21,-19,-22,-23,10000000,10000000,10000000,10000000,6666667,6666667,6250000,6000000,5714286,5000000
9,58,0,1.11549,1.11489,1.11491,-2,68,58,60,1.11528,1.11493,45.32792062262859,54.67207937737141,139240892,26,25,21,23,22,27,-5,-14,-1,4,7500000,6666667,6000000,5714286,5000000,5000000,2380845,2059406,1993169,1814159,0,-3,-1,-8,-5,9,27,18,29,31,6250000,5333333,5294118,5000000,5000000,3000000,2568707,1923706,1633333,1563516
9,59,0,1.11519,1.11474,1.11489,-15,76,30,45,1.11519,1.11481,52.92738470600275,47.07261529399725,187681909,27,20,21,25,16,23,6,4,-3,3,7500000,6250000,5714286,5416667,5000000,5000000,2665169,2500000,2169797,1980000,-22,-24,-30,-31,-21,-17,-20,-12,-27,-3,10000000,10000000,7500000,6000000,6000000,5625000,5000000,2893182,2666667,2155755
10,0,1,1.11536,1.11483,1.11474,9,59,62,53,1.11516,1.11475,39.5888507806014,60.4111492193986,126723383,34,32,35,29,21,-15,3,30,10,6,10000000,7500000,5000000,5000000,2159184,2000000,1933702,1828571,1674890,1644592,-2,44,32,19,13,-4,17,12,42,34,2466667,1900000,1641270,1604016,1573294,1500000,1477091,1454400,1400000,1376000
10,1,0,1.11495,1.11472,1.11483,-11,103,12,23,1.11517,1.11471,53.91804769592232,46.08195230407768,158756171,32,-3,27,14,-5,4,-8,-13,11,-4,5000000,1850095,1740000,1716535,1682524,1660236,1655169,1632738,1563934,1543708,-45,-50,-54,-48,-51,-9,-18,-27,-38,-36,5400000,5000000,5000000,2600000,2000000,1785158,1737761,1522125,1507317,1504594
10,2,1,1.11527,1.11514,1.11472,42,52,55,13,1.11525,1.11491,59.37760911439994,40.62239088560006,204331784,49,52,20,34,11,43,9,39,37,14,5000000,3500000,2531356,2101742,2037568,2015686,1833805,1795556,1789848,1696928,-39,-31,-22,-26,-25,-33,-36,-23,-21,5,10000000,7500000,6666667,6000000,5000000,5000000,5000000,4272727,2391304,2289444
10,3,1,1.11548,1.11523,1.11514,9,55,34,25,1.1154,1.11508,49.83300143363867,50.16699856636133,175229648,50,44,39,41,42,20,11,33,18,13,7500000,6250000,5500000,5000000,5000000,2216352,2164286,2047059,1796281,1776749,-30,-11,-12,-18,-27,17,0,-2,-10,20,10000000,5100000,5000000,5000000,5000000,2344087,1956849,1626071,1621739,1607727
10,4,0,1.11542,1.11507,1.11523,-16,85,19,35,1.11555,1.11523,55.61185091551779,44.38814908448221,212747749,13,15,18,24,27,8,4,2,-31,-3,5000000,5000000,5000000,5000000,5000000,3000000,2307692,2209677,2046037,2034286,-38,-39,-42,-45,-41,-33,-50,-48,-36,-6,10000000,5833333,5625000,5416667,5250000,5000000,5000000,5000000,3400000,2447964
10,5,1,1.11552,1.11524,1.11507,17,53,45,28,1.11544,1.1151,48.95184420858941,51.048155791410586,212165073,41,35,38,32,39,40,37,34,43,47,7500000,5833333,5625000,5555556,5333333,5312500,5312500,5000000,5000000,5000000,-18,-17,-25,-23,-19,-21,-22,-20,-6,1,10000000,7500000,7500000,6250000,5833333,5357143,5294118,5000000,3000000,1908027
10,6,1,1.11559,1.11535,1.11524,11,48,35,24,1.1155,1.11516,39.842926214414334,60.15707378558567,197868918,41,42,55,45,48,46,52,53,54,44,10000000,7500000,5714286,5500000,5000000,5000000,5000000,5000000,5000000,5000000,-24,-15,-19,-22,-17,-12,11,-1,4,2,10000000,6000000,5000000,5000000,5000000,5000000,2176373,1975806,1941954,1870575
10,7,1,1.11569,1.1155,1.11535,15,54,34,19,1.11566,1.11532,40.48763868290885,59.51236131709115,227772209,40,47,52,53,43,56,45,42,49,50,10000000,10000000,10000000,7500000,7500000,7500000,5384615,5312500,5000000,5000000,-19,-27,-32,-17,-21,-35,-10,-12,3,-9,10000000,6250000,6250000,5000000,5000000,5000000,4000000,3000000,2213869,2066667
10,8,1,1.11572,1.11553,1.1155,3,58,36,19,1.11569,1.11533,54.54306623756834,45.45693376243166,303025496,56,50,44,38,47,51,41,62,65,57,7500000,7500000,7500000,7500000,6250000,5714286,5714286,5000000,5000000,5000000,-22,-23,-17,-20,-27,-34,-29,-36,-31,-35,10000000,10000000,7500000,7500000,7500000,6666667,6250000,6250000,6000000,6000000
10,9,0,1.11553,1.11536,1.11553,-17,72,1,17,1.11575,1.11539,57.65778554116584,42.34221445883416,214236360,27,30,24,22,20,17,15,25,-2,-11,10000000,7500000,5500000,5500000,5000000,5000000,5000000,5000000,2261905,2073684,-53,-51,-43,-55,-41,-42,-49,-45,-39,-48,7500000,7500000,6666667,6250000,6000000,6000000,5833333,5500000,5454545,5250000
10,10,0,1.11524,1.11503,1.11536,-33,86,10,21,1.11546,1.11514,45.17166233154656,54.82833766845344,281087176,27,35,21,32,31,29,28,18,30,33,7500000,7500000,6666667,6666667,6250000,5625000,5555556,5500000,5333333,5108696,-61,-59,-63,-65,-57,-64,-52,-47,-7,8,10000000,7500000,5833333,5000000,5000000,5000000,5000000,3000000,2231701,2066667
10,11,0,1.11519,1.11502,1.11503,-1,56,16,17,1.11527,1.1149,50.25993100712637,49.74006899287363,214348225,36,32,40,34,41,37,38,35,31,43,6000000,5714286,5714286,5625000,5625000,5555556,5500000,5454545,5384615,5312500,-35,-33,-32,-29,-39,-31,-30,-38,-36,-22,10000000,7500000,6666667,6666667,6000000,5555556,5135135,5000000,5000000,3000000
10,12,0,1.11517,1.11496,1.11502,-6,62,15,21,1.11524,1.11491,44.25186479268178,55.74813520731822,185847603,31,34,29,26,28,24,25,32,14,7,10000000,10000000,6666667,5625000,5454545,5384615,5357143,5000000,2400000,2220000,-36,-38,-37,-41,-31,10,-14,9,11,4,10000000,6250000,6000000,5833333,5000000,2387500,2318803,2240000,2240000,2069065
10,13,1,1.11516,1.11502,1.11496,6,59,20,14,1.11528,1.11492,44.912730857742645,55.08726914225736,193381699,41,32,36,31,34,38,35,39,37,27,10000000,10000000,6666667,6666667,5416667,5333333,5208333,5000000,5000000,5000000,-34,-45,-35,-38,-36,-33,-39,8,-21,-15,6666667,6666667,5714286,5625000,5000000,5000000,5000000,3100000,2510638,2280679
10,14,0,1.1148,1.11464,1.11502,-38,88,4,16,1.11506,1.11474,40.435598851914506,59.56440114808549,247754372,24,29,28,22,27,25,17,26,31,34,7500000,7500000,6666667,6250000,6250000,5500000,5000000,5000000,5000000,5000000,-72,-56,-53,-7,0,-52,-44,-24,-3,1,10000000,5000000,4500000,2549225,2250000,2214286,2206061,2150355,2017442,2000000
10,15,0,1.11464,1.11446,1.11464,-18,72,9,18,1.11482,1.11452,46.37825350102269,53.62174649897731,225199983,26,32,22,25,33,29,37,16,-13,5,10000000,10000000,5625000,5000000,5000000,5000000,5000000,3000000,2578030,2480815,-51,-54,-53,-52,-43,-40,-14,-42,-23,-38,10000000,6666667,6000000,5000000,3222222,2781250,2643520,2464286,2335974,2202532
10,16,1,1.11472,1.11454,1.11446,8,51,26,18,1.11473,1.11444,51.45986815830222,48.54013184169778,145147251,33,40,28,39,24,21,13,4,9,8,10000000,5000000,5000000,5000000,2000000,1944600,1788540,1704859,1691879,1582817,-32,-33,-27,-28,-15,3,-8,-6,15,-4,10000000,5625000,5000000,5000000,2360000,2325534,1880319,1834777,1800000,1726989
10,17,0,1.11481,1.1145,1.11454,-4,59,27,31,1.11472,1.11445,56.60442359959508,43.39557640040492,133410628,31,30,15,17,5,10,9,0,1,-2,10000000,5000000,2138889,2000000,1823053,1753546,1706840,1657056,1559712,1558393,-26,-24,-25,-23,-28,12,3,-1,-2,1,7500000,7500000,7500000,5500000,5263158,2171922,2145244,2118534,2116129,1744511
10,18,0,1.11443,1.11426,1.1145,-24,70,2,17,1.11464,1.11436,42.57049637105898,57.42950362894102,159641338,17,26,28,19,23,2,-7,-4,-9,-6,10000000,6666667,6000000,5833333,5000000,3927711,2442330,2033333,1857755,1830872,-53,-39,-35,-26,-9,-38,-33,-27,-31,-28,10000000,3600000,2655172,2054297,2013383,1833333,1751938,1685387,1577128,1487399
10,19,1,1.11455,1.11435,1.11426,9,48,29,20,1.11448,1.11417,50.61876777304564,49.38123222695436,160524682,42,46,44,39,43,50,20,11,24,16,7500000,6000000,5000000,5000000,5000000,5000000,3294345,2682185,1923858,1706395,-24,-18,-28,-19,-16,3,12,1,7,-1,10000000,7500000,6000000,5000000,5000000,2300440,2076529,1942396,1766985,1764136
10,20,0,1.1146,1.11433,1.11435,-2,51,26,27,1.11454,1.11421,44.7565419089913,55.2434580910087,144548862,38,35,37,36,41,39,32,9,22,0,6000000,5833333,5500000,5000000,5000000,5000000,5000000,2907341,2375000,2097210,-18,-14,-24,26,8,24,23,-2,-3,-1,6000000,5000000,5000000,3100000,2383102,1975000,1950000,1914634,1869159,1765487
10,21,1,1.1147,1.11459,1.11433,26,58,37,11,1.11475,1.11444,55.501059674804125,44.49894032519588,219686737,64,61,9,0,12,35,26,-17,39,5,6000000,5000000,2594286,2449809,2417431,2335165,2127653,2000000,1938095,1846618,-46,-47,-45,-43,-31,-35,-21,-30,-17,29,10000000,6250000,5625000,5000000,3000000,2666667,2519613,2272727,2171290,2125000
10,22,1,1.115,1.11468,1.11459,9,60,41,32,1.11487,1.11457,45.4169041304876,54.5830958695124,155616688,33,35,41,38,37,36,20,9,-12,14,7500000,6666667,5000000,5000000,5000000,5000000,2529630,2478098,2000000,1934908,-25,-22,-28,-4,13,5,4,8,15,17,10000000,5000000,5000000,2500000,2125657,2037313,2016256,1740919,1670288,1648622
10,23,0,1.11488,1.11467,1.11468,-1,72,20,21,1.11499,1.11462,44.42165709993324,55.578342900066765,259410559,27,23,31,19,30,34,29,32,35,21,10000000,7500000,7500000,6666667,6250000,5714286,5714286,5625000,5500000,5500000,-34,-50,-44,-45,-30,-43,-48,-51,-25,-16,10000000,10000000,6250000,6000000,5000000,5000000,5000000,5000000,3161017,2555172
10,24,0,1.11491,1.11457,1.11467,-10,58,35,34,1.11482,1.11448,55.67437992630872,44.32562007369128,206849729,47,42,51,48,37,17,-2,-11,16,22,7500000,5000000,5000000,5000000,5000000,2534511,2207190,2153571,2143805,2000000,-24,-16,-10,-20,-13,-17,-11,-8,-14,-7,10000000,7500000,6666667,5714286,5555556,5555556,5000000,5000000,5000000,4600000
10,25,0,1.11476,1.11448,1.11457,-9,59,19,28,1.11478,1.11449,58.19008272627477,41.809917273725226,131993856,28,25,-2,11,-11,4,-4,2,-3,8,5000000,5000000,2170261,2000000,1844262,1796622,1755769,1749645,1637389,1585938,-24,-20,-31,-30,-29,-2,-11,7,0,-5,10000000,5333333,5000000,5000000,5000000,2415762,2346386,2216129,1814228,1735011
10,26,0,1.11446,1.11429,1.11448,-19,69,12,17,1.11464,1.11423,50.02031662888122,49.97968337111878,258655116,35,43,41,42,40,37,33,14,32,-4,10000000,6250000,6250000,5357143,5250000,5000000,5000000,2986226,2812500,2675269,-52,-49,-39,-51,-47,-48,-42,-35,3,11,10000000,10000000,7500000,5000000,5000000,5000000,5000000,2952381,2949346,2550000
10,27,0,1.11457,1.1142,1.11429,-9,67,28,37,1.1146,1.11416,50.76113794663152,49.238862053368486,208644899,26,29,27,34,28,31,-4,25,5,2,7500000,6666667,6666667,6000000,5263158,5106383,2971661,2736842,2476496,2180952,-27,-23,-22,-25,-30,-21,-26,-19,-18,5,10000000,7500000,7500000,6250000,6000000,6000000,5000000,3333333,2666667,2454894
10,28,0,1.11432,1.11419,1.1142,-1,66,12,13,1.11454,1.1141,50.42084019699298,49.57915980300702,212457723,25,36,28,33,35,30,31,27,9,-5,10000000,10000000,6250000,5714286,5357143,5312500,5263158,3600000,3011111,2840553,-50,-49,-48,-46,-53,-38,-51,-20,-43,-11,10000000,10000000,7500000,6666667,6666667,5250000,5000000,2187551,2125000,2083088
10,29,0,1.11412,1.11384,1.11419,-35,79,22,28,1.11424,1.11392,48.43635612354702,51.56364387645298,192592095,30,-31,20,-36,-39,13,-25,-1,-4,4,5833333,3368333,3000000,2464000,2050000,2000000,1968421,1963667,1949815,1935667,-47,4,-26,-31,-13,8,-35,-45,-41,-28,5000000,2363454,2363359,2281081,2248598,2111667,2011905,2000000,2000000,1986047
10,30,0,1.11473,1.11373,1.11384,-11,172,89,100,1.11446,1.11367,51.60099486338788,48.39900513661212,253248439,98,58,45,37,66,79,78,75,20,63,4000000,3000000,3000000,3000000,2000000,2000000,2000000,2000000,2000000,2000000,-24,-14,-34,65,-2,74,-19,64,39,47,4000000,2333333,2250000,2241603,1857143,1765306,1750000,1667052,1639130,1609794
10,31,0,1.11174,1.11137,1.11373,-236,631,11,37,1.11322,1.11213,51.66187983588593,48.33812016411407,784618642,57,60,-160,-151,43,71,62,55,-179,-171,7500000,7500000,6000000,6000000,6000000,5000000,5000000,5000000,4600000,4000000,-316,-286,-276,-359,-326,-321,-330,-300,-293,-254,6833333,5500000,5250000,5000000,5000000,5000000,5000000,5000000,5000000,4000000
10,32,1,1.11188,1.11169,1.11137,32,98,51,19,1.1121,1.11171,53.60014410679965,46.39985589320035,311296900,55,50,42,17,-9,8,-18,34,33,31,5000000,5000000,5000000,2968342,2361268,2328321,2213871,2157534,2123214,2045133,-79,-63,-73,-75,-71,-69,-62,-53,-27,0,10000000,5200000,5000000,5000000,4000000,3250000,3060000,2403591,2289788,2284946
10,33,0,1.11188,1.11159,1.11169,-10,114,19,29,1.11225,1.11184,59.07066859803823,40.929331401961775,311677642,23,22,20,12,-37,-61,-2,-1,-19,-42,10000000,6250000,5000000,3500000,2321765,2177143,2175435,2119328,1856689,1808669,-83,-74,-82,-77,-81,-76,-79,-72,-75,-80,10000000,7500000,7500000,6250000,5555556,5312500,5121951,5000000,5000000,5000000
10,34,1,1.11257,1.11211,1.11159,52,67,98,46,1.1123,1.112,51.73818272339183,48.26181727660817,274355218,33,55,50,-16,53,24,1,-20,57,59,2918824,2347826,2212371,2195489,2074074,2042222,2038741,2031447,2026667,2000000,72,73,69,16,60,2,51,25,-6,-8,4600000,3300000,2475000,2433436,2371676,2125373,2095402,2072727,2029333,2017722
10,35,0,1.11209,1.11171,1.11211,-40,116,18,38,1.11235,1.11193,46.06940574697365,53.93059425302635,363223207,14,23,15,13,28,21,29,10,22,16,7500000,7500000,7500000,6666667,6000000,5833333,5833333,5625000,5555556,5263158,-63,-62,-68,-65,-67,-64,-78,-76,-56,-51,10000000,7500000,7500000,5714286,5000000,5000000,5000000,5000000,4312500,3006711
10,36,1,1.11195,1.11181,1.11171,10,86,24,14,1.11224,1.1118,44.97648696558307,55.02351303441693,353195162,30,31,24,32,22,25,38,39,35,34,10000000,10000000,10000000,7500000,7500000,7500000,6250000,6000000,6000000,5833333,-59,-61,-64,-66,-57,-55,-60,-63,-70,-68,10000000,6250000,6000000,5833333,5714286,5625000,5294118,5000000,5000000,5000000
10,37,1,1.1123,1.11199,1.11181,18,69,49,31,1.1122,1.11186,51.88136418558041,48.11863581441959,285448641,51,57,43,38,48,50,45,42,40,39,10000000,5833333,5555556,5037037,5000000,5000000,5000000,5000000,4500000,3071429,-21,-32,-37,-18,-24,-35,-38,-29,-15,-31,10000000,7500000,7500000,6666667,6666667,6666667,6250000,6000000,5000000,5000000
10,38,1,1.11227,1.11204,1.11199,5,79,28,23,1.11242,1.11206,52.16134105506925,47.83865894493075,271641164,30,28,19,34,23,27,18,21,26,33,10000000,6666667,6666667,6250000,5833333,5000000,5000000,5000000,5000000,5000000,-42,-41,-36,-45,-37,-40,-35,-56,-43,-38,10000000,10000000,7500000,7500000,6000000,5714286,5000000,5000000,5000000,4214286
10,39,1,1.1122,1.11209,1.11204,5,76,16,11,1.11247,1.11207,55.19884859975528,44.80115140024472,335933922,34,42,31,25,40,38,26,41,33,23,10000000,10000000,10000000,7500000,7500000,6666667,5625000,5416667,5000000,5000000,-45,-49,-59,-57,-48,-53,-51,-52,-65,-54,10000000,10000000,10000000,7500000,6666667,6666667,6666667,6250000,6000000,6000000
10,40,0,1.11232,1.11201,1.11209,-8,96,23,31,1.11247,1.11197,55.20673493211191,44.79326506788809,405680110,26,27,23,20,12,29,24,14,30,21,10000000,10000000,10000000,10000000,10000000,7500000,7500000,6000000,5625000,5625000,-24,-64,-55,-23,-62,-65,-54,-30,-28,-48,10000000,10000000,10000000,7500000,7500000,7500000,7500000,6666667,6666667,6666667
10,41,0,1.11189,1.11171,1.11201,-30,105,12,18,1.11218,1.11183,45.1818007622069,54.8181992377931,333787847,26,30,22,24,23,29,28,32,19,21,10000000,10000000,10000000,7500000,7500000,6666667,5833333,5500000,5500000,5000000,-65,-67,-80,-79,-87,-66,-64,-52,-43,-57,10000000,10000000,6250000,5000000,5000000,5000000,5000000,2723618,2576961,2525641
10,42,1,1.11215,1.11201,1.11171,30,68,44,14,1.11223,1.11187,61.47980902196058,38.520190978039416,277786494,54,44,40,14,31,5,38,43,45,1,7500000,5000000,3846190,2557359,2554699,2343976,2052632,2000000,2000000,1929138,-40,-53,-54,-39,-45,-50,-41,-38,-49,-35,10000000,7500000,7500000,6666667,6666667,6000000,5714286,5714286,5625000,5555556
10,43,0,1.11222,1.11185,1.11201,-16,89,25,37,1.11235,1.11191,57.865908760247166,42.134091239752834,397453466,18,16,17,28,19,15,22,25,20,21,10000000,10000000,10000000,10000000,7500000,6250000,5714286,5294118,5000000,5000000,-46,-31,-25,-41,-51,-48,-33,-35,-43,-52,10000000,10000000,10000000,7500000,6250000,6250000,6250000,5833333,5833333,5833333
10,44,0,1.11188,1.11163,1.11185,-22,72,45,25,1.11189,1.11155,49.38609486672498,50.61390513327502,311994622,52,55,44,46,43,48,-17,42,-24,2,10000000,7500000,6000000,5250000,5000000,5000000,2802994,2555556,2460000,2418413,-37,-44,-36,-40,-38,-39,-47,-9,-27,-32,6250000,6250000,5833333,5625000,5250000,5200000,5000000,3113155,2702749,2611111
10,45,1,1.11232,1.11208,1.11163,45,69,69,24,1.11224,1.11184,61.7272407405364,38.272759259463605,395024529,78,57,61,79,56,53,54,30,33,12,10000000,6250000,5833333,5000000,4015670,3253738,3200000,2988931,2626539,2510077,-44,-29,-45,-24,-42,-31,-32,-22,-36,-40,10000000,7500000,7500000,6666667,6666667,6250000,6250000,6000000,6000000,6000000
10,46,1,1.11244,1.11228,1.11208,20,57,36,16,1.11246,1.11207,55.70252517388357,44.29747482611643,270611107,48,50,42,53,52,62,45,41,32,43,10000000,10000000,6666667,6000000,5000000,5000000,4000000,3512195,2260533,2250000,-26,-41,-33,-36,-35,-34,-37,-29,-32,-24,10000000,10000000,6250000,6000000,5833333,5833333,5833333,5555556,5500000,5000000
10,47,0,1.11245,1.11206,1.11228,-22,95,24,39,1.11258,1.11218,55.09953535523701,44.90046464476299,308980562,13,17,20,28,15,10,8,16,22,2,10000000,7500000,6250000,5500000,5333333,5333333,5104167,5000000,5000000,2752874,-54,-43,-38,-37,-56,-41,-40,-50,-35,-47,7500000,6666667,6666667,6250000,6000000,5833333,5714286,5714286,5625000,5357143
10,48,1,1.11318,1.11263,1.11206,57,55,112,55,1.11267,1.1123,57.051652220730006,42.94834777927,339115313,81,65,67,63,85,87,61,64,41,38,10000000,7500000,6666667,5333333,5000000,5000000,3357143,3250000,2447967,2404785,14,6,18,19,17,0,4,5,2,15,10000000,10000000,7500000,7500000,7500000,6666667,6250000,6000000,5500000,5217391
10,49,1,1.11309,1.11283,1.11263,20,61,57,26,1.11294,1.11255,50.51847058217481,49.48152941782519,369820693,76,63,61,67,78,74,70,72,68,71,10000000,10000000,7500000,6000000,6000000,5714286,5384615,5000000,5000000,5000000,-16,-32,-22,-23,-20,-26,-35,-29,-18,-21,10000000,10000000,7500000,7500000,6666667,6666667,6666667,5833333,5714286,5555556
10,50,0,1.11286,1.11259,1.11283,-24,72,19,27,1.11295,1.11258,46.46666985803589,53.53333014196411,270019942,21,32,26,28,37,29,20,30,25,24,10000000,10000000,6250000,6250000,6250000,6000000,5833333,5625000,5000000,5000000,-45,-30,-35,-34,-41,-44,-37,-38,-26,-28,10000000,7500000,6250000,5833333,5625000,5000000,5000000,5000000,3500000,3000000
10,51,0,1.11232,1.112,1.11259,-59,117,16,32,1.11264,1.11228,60.40635728313018,39.593642716869816,377134375,19,8,-40,-8,10,2,-42,-16,-25,-37,7500000,5000000,3499016,3264320,3000000,2918306,2826333,2757792,2628736,2598036,-80,-67,-83,-74,-77,-82,-85,-71,-79,-81,10000000,10000000,10000000,6666667,6000000,5625000,5555556,5416667,5384615,5333333
10,52,1,1.11244,1.11231,1.112,31,51,44,13,1.11242,1.11204,52.56913775326392,47.43086224673608,337881279,63,60,66,49,70,67,62,64,65,72,7500000,7500000,7500000,7500000,5625000,5000000,5000000,5000000,5000000,5000000,-28,-30,-26,-25,-36,-24,-29,-38,-23,-34,10000000,6666667,6250000,6000000,5833333,5714286,5555556,5416667,5238095,5238095
10,53,0,1.11252,1.11229,1.11231,-2,52,23,23,1.11252,1.11213,53.42073872950348,46.57926127049652,231613465,40,45,38,47,39,35,42,43,44,51,5625000,5555556,5454545,5333333,5312500,5238095,5227273,5192308,5192308,5000000,-28,-20,-26,-29,-25,-19,-27,-21,-24,-16,10000000,10000000,7500000,6000000,5833333,5833333,5555556,5500000,5073529,5000000
10,54,0,1.11242,1.11218,1.11229,-11,65,13,24,1.11255,1.11211,50.90856685380445,49.09143314619555,292713738,23,20,28,24,32,36,25,33,22,27,10000000,7500000,6666667,6250000,6000000,5833333,5833333,5714286,5625000,5555556,-26,-35,-41,-32,-40,-37,-39,-36,-30,-29,10000000,10000000,10000000,7500000,6666667,6000000,5714286,5625000,5500000,5500000
10,55,0,1.11224,1.11201,1.11218,-17,78,9,23,1.11241,1.11204,53.68342576571799,46.31657423428201,248272833,11,17,15,31,33,29,30,14,12,5,7500000,6666667,6250000,6000000,5454545,5000000,5000000,3750000,2866667,2716867,-44,-35,-53,-43,-30,-49,-52,-41,-40,-55,10000000,10000000,6666667,6666667,6666667,5625000,5500000,5500000,5500000,5000000
10,56,1,1.11257,1.11225,1.11201,24,61,56,32,1.11246,1.11214,53.9211645274695,46.0788354725305,190609982,39,36,34,24,20,6,26,-5,-3,3,5000000,5000000,4142857,2581699,2547403,2355479,2245098,2228302,2201103,2077309,-19,-21,-26,-15,-29,25,-2,7,-3,-10,7500000,7500000,6250000,5000000,5000000,3727778,2708333,2520542,2060510,2000000
10,57,0,1.11235,1.11211,1.11225,-14,78,20,24,1.11247,1.11213,61.1265480043857,38.873451995614296,252326966,21,41,24,16,22,-11,-14,10,-17,28,7500000,5000000,4833333,3126506,2571429,2513540,2267029,2173864,2046074,2000000,-48,-39,-36,-43,-50,-38,-54,-47,-51,-41,10000000,10000000,10000000,7500000,5833333,5833333,5714286,5333333,5000000,5000000
10,58,0,1.11216,1.11184,1.11211,-27,83,14,32,1.11233,1.11197,54.054298118942086,45.94570188105792,262457895,9,23,25,28,26,11,24,14,15,-1,10000000,6250000,5833333,5714286,5555556,5000000,5000000,5000000,5000000,2903465,-39,-38,-43,-41,-49,-45,-36,-51,-37,-48,10000000,7500000,7500000,6666667,5833333,5833333,5666667,5333333,5000000,5000000
10,59,1,1.1122,1.11195,1.11184,11,57,36,25,1.11218,1.11183,56.18526724017362,43.81473275982638,248420584,45,37,46,48,49,35,8,25,17,-1,10000000,10000000,7500000,5714286,5000000,2888889,2495120,2342086,2204673,2187168,-18,-31,-26,-19,-24,-30,-22,-14,-27,-32,7500000,7500000,6666667,6666667,6250000,5833333,5714286,5000000,5000000,5000000
11,0,1,1.11227,1.11202,1.11195,7,78,32,25,1.11237,1.11203,52.46939764124799,47.53060235875201,271901835,38,33,37,36,43,41,34,31,15,24,10000000,7500000,6666667,6666667,6000000,5714286,5000000,5000000,2503135,2428571,-53,-50,-45,-42,-46,-49,-51,-44,-38,-47,10000000,7500000,7500000,6250000,6250000,5714286,5555556,5454545,5357143,5000000
11,1,1,1.1127,1.1124,1.11202,38,54,68,30,1.11254,1.1122,44.45237882319066,55.54762117680934,285420372,63,72,60,69,57,51,62,73,44,47,10000000,10000000,7500000,7500000,6000000,5625000,5000000,5000000,2449763,2344828,-20,-24,-19,-16,-18,38,26,-4,29,-12,5000000,5000000,4571429,4000000,3500000,2590909,2396309,2264706,2235714,2230769
11,2,1,1.11277,1.11247,1.1124,7,59,37,30,1.11279,1.11241,58.40803507141938,41.591964928580616,200138806,26,39,42,44,41,7,18,-15,16,2,6666667,5000000,5000000,5000000,5000000,2790302,2000000,1950000,1935484,1923139,-27,-22,-12,-23,-24,-29,-21,-26,-19,-28,7500000,6666667,6666667,6666667,6250000,6000000,5833333,5625000,5000000,5000000
11,3,0,1.11268,1.11238,1.11247,-9,65,32,30,1.11264,1.11233,64.71873553931049,35.28126446068951,196543619,-2,-18,16,23,18,7,-7,13,-12,-8,2332000,2283333,2224747,2166667,1950060,1888794,1816327,1801304,1734884,1656250,-30,-19,-35,-26,-27,-28,-17,-20,-24,-8,10000000,10000000,7500000,6666667,5833333,5416667,5250000,5000000,5000000,3412037
11,4,0,1.11238,1.11226,1.11238,-12,83,5,12,1.11266,1.11235,57.46158460626715,42.53841539373285,227703315,24,39,-14,-31,9,-5,6,0,11,-28,5000000,5000000,2473381,2203571,2171053,2161429,2157823,2147541,2085526,2022667,-71,-69,-66,-52,-62,-68,-63,-59,-50,-51,10000000,6666667,6250000,5000000,5000000,5000000,5000000,5000000,2717391,2666667
11,5,1,1.1127,1.11249,1.11226,23,51,44,21,1.11262,1.11231,60.95526656553408,39.044733434465925,184379069,53,35,9,18,36,3,37,38,29,6,5000000,2625000,2345875,2337500,2222222,2056716,2000000,1900000,1897959,1880717,-15,-27,-17,-22,-30,-24,-18,-13,-9,-6,10000000,7500000,7000000,5625000,5625000,5312500,5000000,3000000,2605263,2565891
11,6,1,1.11282,1.11253,1.11249,4,55,47,29,1.11265,1.11225,39.28345570378577,60.71654429621423,295732338,55,63,64,53,45,62,54,51,61,57,10000000,10000000,10000000,10000000,6666667,6666667,6666667,6250000,6250000,5500000,-26,-5,-18,-10,-16,-13,-14,-3,15,32,10000000,6666667,6250000,5500000,5000000,5000000,5000000,2333333,2166215,2005375
11,7,0,1.11267,1.11233,1.11253,-20,72,37,34,1.11261,1.11228,53.09000824061499,46.90999175938501,227986625,32,37,38,33,31,28,-7,2,26,11,10000000,6250000,5000000,5000000,5000000,2625000,2341432,2259959,1821429,1815489,-25,-24,-38,-21,-22,-23,26,0,-16,-18,10000000,10000000,7500000,7500000,6666667,2400000,2200606,2169962,2160000,1971831
11,8,1,1.11307,1.11256,1.11233,23,51,74,51,1.11271,1.11234,56.03185978541987,43.96814021458013,278439289,60,54,65,49,58,55,53,51,42,40,10000000,7500000,7500000,6666667,6666667,6250000,5000000,5000000,2812500,2581818,2,5,0,4,16,20,15,13,9,18,10000000,10000000,7500000,7500000,6250000,6000000,6000000,5714286,5454545,5000000
11,9,1,1.1129,1.11265,1.11256,9,53,34,25,1.11287,1.11252,57.772210753871605,42.2277892461284,244518839,44,47,51,38,41,43,27,25,-5,-6,10000000,10000000,10000000,7500000,6250000,5000000,2909091,2696078,2166667,2160000,-13,-14,-15,-10,-12,-19,-21,-17,-18,-24,10000000,7500000,6666667,6666667,6666667,6250000,6000000,5833333,5833333,5357143
11,10,0,1.11257,1.1123,1.11265,-35,100,29,27,1.11273,1.11241,49.53730915718359,50.46269084281641,315992638,36,30,34,26,25,31,-53,5,-54,-1,10000000,7500000,6666667,6250000,6000000,5000000,2875000,2553314,2450000,2278686,-66,-65,-68,-72,-70,-73,-67,-60,-10,-48,7500000,6250000,6000000,5500000,5250000,5000000,5000000,5000000,2857651,2347518
11,11,0,1.11253,1.11224,1.1123,-6,66,33,29,1.11251,1.11218,64.1467108753066,35.8532891246934,209323487,37,24,-7,14,2,25,21,22,9,16,5000000,2666667,2232714,2185882,2062745,2000000,1971429,1888889,1818827,1756303,-32,-20,-25,-34,-35,-18,-23,-37,-21,-36,10000000,10000000,10000000,7500000,6000000,5312500,5125000,5000000,5000000,5000000
11,12,1,1.11283,1.11255,1.11224,31,57,59,28,1.11275,1.11237,51.29079770361123,48.70920229638877,258121973,48,49,56,53,44,55,50,47,46,51,10000000,7500000,6250000,6250000,5500000,5000000,5000000,5000000,5000000,5000000,-12,-19,-8,-29,-21,-15,-14,-28,-11,-13,10000000,10000000,6666667,5833333,5111111,5000000,5000000,4588235,4461538,4083333
11,13,0,1.11255,1.11239,1.11255,-16,70,8,16,1.11274,1.11238,47.6474452116856,52.3525547883144,225134778,34,33,35,39,19,27,8,-1,21,-6,10000000,10000000,10000000,10000000,6000000,5500000,2138878,2023810,2000000,1945895,-54,-43,-45,-49,-47,-12,-46,-39,-21,-30,10000000,10000000,10000000,6250000,6000000,2103853,2000000,2000000,1994218,1947674
11,14,1,1.11291,1.11265,1.11239,26,52,52,26,1.1128,1.11244,58.05788129862185,41.94211870137815,228517886,60,49,61,63,52,25,8,43,34,45,6666667,5500000,5000000,5000000,5000000,2696130,2230899,2025641,2000000,2000000,-7,-17,-26,-15,-22,-20,-9,-16,-18,-10,10000000,7500000,6666667,6250000,6250000,5555556,5125000,5000000,5000000,3192308
11,15,0,1.11271,1.11242,1.11265,-23,74,17,29,1.11282,1.11245,65.02495863502382,34.97504136497618,232296157,28,27,22,14,2,-14,-15,17,20,9,6666667,5000000,5000000,3000000,2574540,2201961,2093350,2000000,2000000,1979167,-29,-24,-30,-37,-43,-45,-40,-35,-38,-42,10000000,10000000,10000000,10000000,6666667,6250000,6000000,5555556,5454545,5227273
11,16,1,1.11279,1.11253,1.11242,11,60,37,26,1.11283,1.11245,55.68399394712539,44.31600605287461,199469521,31,44,33,35,36,13,-4,16,8,7,10000000,10000000,6666667,6250000,6250000,2750000,2339228,2322581,2005901,1957836,-20,-23,-32,-29,-26,-27,-30,-25,-21,-34,10000000,6666667,6666667,6666667,5454545,5416667,5357143,5000000,5000000,5000000
11,17,0,1.11258,1.11234,1.11253,-19,70,23,24,1.11266,1.11227,49.50347723633504,50.49652276366496,306691981,29,33,28,27,36,38,25,26,23,30,10000000,7500000,7500000,7500000,6000000,6000000,5625000,5625000,5000000,5000000,-27,-39,-40,-29,-46,-28,-37,-38,-36,-43,7500000,7500000,7500000,7500000,6666667,6666667,6250000,5625000,5227273,5000000
11,18,0,1.11243,1.11189,1.11234,-45,129,9,54,1.11276,1.11234,48.64076158377468,51.35923841622533,354807769,-14,-4,-5,-15,-3,-12,-19,-20,-17,-13,10000000,10000000,10000000,7500000,7500000,6666667,6250000,5714286,5625000,5000000,-58,-64,-57,-75,-72,-63,-71,-68,-69,-70,10000000,10000000,10000000,6666667,6250000,6250000,6000000,5714286,5625000,5500000
11,19,1,1.11252,1.11216,1.11189,27,70,63,36,1.11255,1.11221,44.34372073931682,55.65627926068318,234124959,13,23,10,8,20,29,27,21,25,24,10000000,6666667,6000000,6000000,5833333,5714286,5625000,5454545,5357143,5333333,-29,-22,-20,-26,-25,-24,-34,-27,-19,-15,7500000,6250000,6250000,6000000,5714286,5138889,5000000,5000000,5000000,2349398
11,20,1,1.11254,1.11238,1.11216,22,53,38,16,1.11249,1.11218,59.708643667337775,40.29135633266223,254363306,48,39,43,62,42,7,38,34,40,23,10000000,10000000,6000000,5000000,2400000,2300666,2239726,2160000,2088235,1962929,-23,-35,-18,-25,-37,-22,-31,-20,-16,-36,10000000,10000000,7500000,7500000,6250000,6000000,5833333,5625000,5555556,5000000
11,21,0,1.11268,1.11237,1.11238,-1,68,30,31,1.11269,1.11235,54.947698878341605,45.0523011216584,227574278,19,29,25,27,32,35,33,23,16,-3,10000000,7500000,6666667,6250000,5625000,5000000,5000000,5000000,2250000,2242159,-27,-28,-20,-29,-37,-30,-26,-32,-33,-19,10000000,10000000,10000000,7500000,7500000,6250000,5625000,5384615,5294118,5000000
11,22,0,1.11252,1.11225,1.11237,-12,74,15,27,1.11267,1.11233,57.32787379067487,42.67212620932513,191002812,21,13,11,17,14,20,-6,-15,3,7,7500000,6666667,5000000,5000000,5000000,5000000,2378721,2264103,2228571,2000000,-45,-44,-43,-39,-42,-46,-38,-47,-36,-35,7500000,7500000,6666667,6250000,5833333,5555556,5500000,5000000,5000000,5000000
11,23,0,1.11235,1.11213,1.11225,-12,72,13,22,1.1125,1.11213,52.83698894555097,47.16301105444903,221583997,35,19,18,17,20,31,37,11,-9,3,10000000,7500000,7500000,6666667,6666667,5000000,5000000,3291667,2132090,1931691,-48,-47,-45,-50,-34,-46,-44,-36,-32,-28,10000000,5833333,5833333,5833333,5833333,5625000,5454545,5000000,5000000,2938776
11,24,0,1.11236,1.1121,1.11213,-3,53,23,26,1.11235,1.11202,57.873721505242365,42.12627849475764,168862640,36,41,43,38,17,11,10,18,7,23,7500000,7500000,6250000,5000000,2333333,1928248,1874379,1793651,1710873,1666667,-19,-27,-20,-26,-24,-25,-22,-21,-23,4,10000000,7500000,6666667,5714286,5000000,5000000,5000000,5000000,5000000,2226141
11,25,1,1.11239,1.11217,1.1121,7,56,29,22,1.11244,1.11213,65.99691765777308,34.00308234222691,188118631,39,36,17,13,21,19,-5,8,7,-12,10000000,5000000,2763158,2248619,2000000,1875000,1866667,1608147,1601536,1600000,-30,-33,-34,-32,-28,-21,-23,-24,-22,-20,7500000,7500000,6666667,6250000,5714286,5500000,5454545,5384615,5357143,5000000
11,26,0,1.11236,1.11217,1.11217,0,64,19,19,1.11247,1.11214,58.54171560650762,41.45828439349238,195048141,25,37,30,28,33,12,4,-5,10,15,10000000,6666667,5357143,5000000,5000000,2614130,2522936,2495795,2304225,2260000,-44,-43,-42,-40,-38,-41,-45,-26,-35,-29,10000000,7500000,7500000,6250000,5625000,5500000,5500000,5416667,5000000,5000000
11,27,0,1.11212,1.11187,1.11217,-30,77,8,25,1.11229,1.11199,60.91312542644629,39.08687457355371,201697439,24,14,13,26,2,5,-9,1,-3,-8,10000000,6000000,5000000,5000000,2565217,2500000,2174069,2134615,1935223,1842147,-52,-47,-45,-44,-41,-42,-38,-40,-51,-50,10000000,10000000,7500000,7500000,6250000,6250000,5833333,5714286,5500000,5000000
11,28,0,1.11183,1.11169,1.11187,-18,96,17,14,1.11207,1.11174,47.80542318954962,52.19457681045038,298645619,43,30,47,36,29,32,34,46,19,28,10000000,7500000,6666667,5714286,5000000,5000000,5000000,5000000,4491228,3428571,-72,-71,-67,-74,-80,-82,-54,-49,-14,5,10000000,7500000,5000000,5000000,5000000,5000000,5000000,2520548,2326772,2308333
11,29,0,1.11181,1.11155,1.11169,-14,68,22,26,1.11183,1.11154,42.10005773471993,57.89994226528007,206719631,24,25,31,26,28,20,29,19,21,23,10000000,7500000,6666667,6250000,5500000,5333333,5217391,5000000,5000000,5000000,-35,-42,-34,-38,-32,-7,10,-9,-10,-14,7500000,6666667,5833333,5454545,5000000,2473301,2024444,1952657,1889510,1862981
11,30,0,1.11197,1.11148,1.11155,-7,75,44,49,1.11183,1.11146,43.36827586420994,56.63172413579006,320833181,15,35,38,23,25,40,36,31,33,28,10000000,10000000,10000000,6250000,6250000,6250000,6000000,5714286,5714286,5555556,-26,-20,-9,-22,-7,-19,-18,-23,-16,-10,10000000,7500000,7000000,5294118,5083333,5000000,5000000,5000000,5000000,5000000
11,31,0,1.11151,1.11135,1.11148,-13,69,18,16,1.11166,1.11128,53.81577078515126,46.18422921484874,326304794,42,29,30,36,37,28,31,32,39,38,10000000,10000000,7500000,7500000,6250000,5312500,5000000,5000000,5000000,5000000,-41,-47,-33,-49,-53,-35,-31,-34,-38,-44,10000000,7500000,6666667,6250000,6000000,6000000,6000000,5833333,5500000,5454545
11,32,1,1.11169,1.11142,1.11135,7,60,34,27,1.11167,1.1113,54.745648265361154,45.254351734638846,297274560,47,35,50,48,43,44,27,45,51,32,10000000,10000000,7500000,6666667,6000000,6000000,5714286,5000000,5000000,5000000,-17,-20,-28,-21,-15,-29,-23,-13,-16,-32,10000000,10000000,10000000,6666667,6666667,6666667,6000000,6000000,5625000,5416667
11,33,0,1.11169,1.11132,1.11142,-10,70,27,37,1.11168,1.11133,43.56087666476748,56.43912333523252,226577738,17,26,29,19,27,24,20,18,21,16,6666667,6666667,6250000,5555556,5500000,5454545,5294118,5263158,5185185,5185185,-29,-19,-22,-23,-33,-32,21,7,-2,9,10000000,10000000,7500000,6250000,6250000,5833333,4600000,2246565,2146944,1949077
11,34,1,1.11169,1.11156,1.11132,24,46,37,13,1.1117,1.11136,45.85084560888026,54.14915439111974,206956495,52,49,43,40,41,44,46,45,48,39,10000000,6250000,6000000,5333333,5312500,5277778,5250000,5227273,5200000,5135135,-23,-24,-26,-29,-28,-25,-32,-33,-2,7,10000000,6666667,6666667,6250000,5384615,5208333,5000000,5000000,2937069,2175644
11,35,0,1.11164,1.11148,1.11156,-8,59,10,16,1.11174,1.11139,47.26018185566601,52.73981814433399,171223700,40,35,27,37,28,29,32,31,36,5,7500000,5714286,5625000,5555556,5357143,5277778,5227273,5049505,5000000,3427494,-43,-34,-39,-36,-38,-40,-7,-11,-12,-8,10000000,7500000,7500000,6000000,5000000,5000000,2624222,2305970,1966882,1809494
11,36,0,1.11167,1.11141,1.11148,-7,57,20,26,1.11168,1.11133,54.11071826508008,45.88928173491992,182537163,29,34,30,33,36,39,35,5,-2,6,6250000,5833333,5384615,5357143,5000000,5000000,5000000,2363581,2238498,2093200,-31,-21,-23,-26,-27,-24,-30,-28,-25,5,10000000,7500000,6250000,6250000,5625000,5454545,5384615,5000000,5000000,3057014
11,37,0,1.11151,1.11137,1.11141,-4,60,10,14,1.11165,1.11129,45.766204679878,54.233795320122,206989541,34,33,30,32,38,35,36,29,25,40,10000000,6666667,6000000,5714286,5714286,5714286,5500000,5277778,5000000,5000000,-43,-39,-35,-37,-40,-44,-42,-46,-41,-11,6666667,6000000,6000000,5555556,5500000,5416667,5416667,5000000,5000000,2616167
11,38,0,1.11151,1.11131,1.11137,-6,64,14,20,1.11164,1.11132,65.12478640426099,34.875213595739005,140710321,28,23,6,-4,-3,1,-6,-1,3,-12,10000000,5000000,2853448,2055259,1740559,1674545,1626489,1614397,1572680,1541333,-44,-43,-38,-41,-37,-42,-40,-39,-11,-20,10000000,6250000,6000000,5833333,5625000,5500000,5357143,5000000,2932606,2620553
11,39,0,1.11145,1.1112,1.11131,-11,73,14,25,1.11157,1.11123,50.7923878401329,49.2076121598671,225260587,21,28,19,27,26,24,17,16,3,1,10000000,10000000,7500000,7500000,7500000,6250000,5000000,5000000,2478218,2053640,-37,-32,-44,-34,-39,-38,-35,-36,-48,-8,10000000,10000000,7500000,7500000,7500000,6666667,6250000,5555556,5000000,2592362
11,40,0,1.11125,1.11091,1.1112,-29,93,25,34,1.11138,1.111,53.32866757584731,46.67133242415269,309626037,27,32,22,21,30,36,39,15,24,-8,10000000,7500000,5000000,5000000,5000000,5000000,5000000,3636364,3250000,3001176,-46,-44,-53,-42,-35,-49,-56,-55,-37,-59,10000000,10000000,7500000,6666667,6666667,6000000,5500000,5416667,5200000,5000000
11,41,1,1.11162,1.11121,1.11091,30,68,71,41,1.11146,1.11108,53.90949094689653,46.09050905310347,302344606,53,48,44,41,40,39,52,42,43,34,10000000,6000000,6000000,5454545,5416667,5357143,5000000,5000000,5000000,3285714,-15,-24,-6,-21,-12,-26,-23,-19,-27,-9,10000000,7500000,6666667,6666667,6000000,5500000,5357143,5263158,5185185,5166667
11,42,0,1.11141,1.11116,1.11121,-5,84,20,25,1.11162,1.11129,58.80005372980482,41.19994627019518,208904537,27,12,13,8,5,-27,-33,-1,-31,2,10000000,5000000,5000000,4000000,2769231,2166456,2100000,2073944,2024000,1973684,-50,-48,-52,-59,-54,-49,-53,-51,-56,-47,6250000,6000000,6000000,5833333,5833333,5714286,5714286,5500000,5227273,5172414
11,43,0,1.11139,1.11116,1.11116,0,66,23,23,1.11147,1.11114,53.77898855620998,46.22101144379002,169300817,37,35,34,27,32,15,8,-1,6,3,7500000,7500000,5625000,5000000,5000000,3032609,2552777,2469977,2005329,1986486,-33,-28,-32,-34,-30,-43,-14,-8,-6,-23,10000000,6250000,6000000,5833333,5454545,5000000,2501755,2465805,2294192,2142857
11,44,0,1.11114,1.1108,1.11116,-36,85,12,34,1.11129,1.11098,55.74736170184778,44.25263829815222,180622876,5,11,7,-28,-2,-30,0,-10,-19,-21,5500000,5000000,3000000,2787170,2077551,2076211,1999957,1996215,1986561,1874236,-37,-48,-51,-42,-39,-13,-35,-22,1,5,10000000,5000000,5000000,5000000,5000000,2693103,2642857,2451931,2336607,2225000
11,45,1,1.11143,1.11113,1.1108,33,54,63,30,1.11135,1.11096,62.08133212923719,37.91866787076281,235301254,55,43,49,40,38,5,36,8,37,14,5000000,5000000,5000000,5000000,5000000,2844444,2666667,2286992,2250000,2239450,-11,-15,-20,-23,-14,-16,-19,-12,-21,-24,10000000,10000000,10000000,6666667,5833333,5833333,5178571,5000000,5000000,5000000
11,46,1,1.11154,1.11129,1.11113,16,70,41,25,1.1116,1.11125,58.20304369960657,41.79695630039343,234604492,30,27,19,24,26,-20,12,-14,23,-11,6666667,5000000,3569444,3272727,3000000,2960000,2341667,2340704,2250000,2111246,-37,-29,-40,-38,-34,-43,-35,-39,-32,-45,7500000,6250000,5714286,5555556,5500000,5454545,5416667,5357143,5263158,5227273
11,47,1,1.11155,1.11138,1.11129,9,60,26,17,1.11169,1.11129,52.76838065058198,47.23161934941802,249079078,36,30,31,43,39,40,26,34,37,33,6666667,6666667,6666667,6250000,5000000,5000000,5000000,5000000,5000000,5000000,-29,-27,-31,-42,-36,-40,-43,-30,-37,-34,6666667,5555556,5555556,5500000,5454545,5384615,5312500,5294118,5263158,5227273
11,48,0,1.11155,1.11138,1.11138,0,55,17,17,1.11166,1.11128,57.61974872202047,42.38025127797953,213407956,36,43,45,39,41,22,-8,13,8,3,10000000,7500000,7500000,6666667,5625000,3100000,3100000,2315427,2238796,2076261,-36,-25,-31,-29,-34,-24,-38,-27,-26,-28,10000000,6666667,6250000,5625000,5384615,5333333,5277778,5238095,5185185,5166667
11,49,0,1.1115,1.11119,1.11138,-19,65,14,31,1.11157,1.1112,48.52931971235408,51.47068028764592,218625593,28,34,25,26,30,29,20,31,-1,2,10000000,10000000,7500000,7500000,6666667,5714286,5000000,5000000,2393831,2342045,-25,-32,-27,-28,-24,-29,-31,-34,-26,-30,6250000,6000000,5714286,5500000,5333333,5250000,5208333,5131579,5106383,5087719
11,50,1,1.11154,1.11128,1.11119,9,69,35,26,1.11166,1.11125,55.69421885339787,44.30578114660213,305110858,26,31,30,29,18,25,34,32,33,27,10000000,7500000,6666667,6250000,6250000,5555556,5500000,5000000,5000000,5000000,-19,-41,-29,-37,-30,-36,-31,-38,-26,-39,10000000,10000000,7500000,7500000,6250000,6000000,5500000,5500000,5454545,5454545
11,51,0,1.11145,1.11107,1.11128,-21,78,18,38,1.11155,1.11115,57.6424665826805,42.3575334173195,298192753,19,17,16,26,25,10,11,13,15,18,10000000,7500000,6250000,5833333,5333333,5000000,5000000,5000000,5000000,5000000,-40,-29,-28,-27,-34,-30,-22,-38,-33,-20,10000000,10000000,10000000,7500000,6666667,6250000,6250000,6000000,6000000,5625000
11,52,1,1.11153,1.11124,1.11107,17,57,46,29,1.11147,1.11112,47.31361901393226,52.68638098606774,251756193,54,48,32,37,39,42,35,52,51,34,10000000,7500000,7500000,6000000,5833333,5714286,5000000,5000000,5000000,5000000,-19,-13,-11,-23,-18,-16,-20,-28,-7,-9,10000000,10000000,7500000,6666667,6250000,5185185,5000000,5000000,4153846,3312500
11,53,1,1.11151,1.1113,1.11124,6,59,27,21,1.11154,1.11125,53.66928674482424,46.330713255175766,151544207,37,43,36,18,15,5,13,10,9,14,5000000,5000000,5000000,4000000,3245614,2284304,2280976,2170103,2090000,2030120,-38,-30,-32,-27,-25,-26,-2,-11,-12,-15,6250000,6250000,5833333,5227273,5000000,5000000,2700000,2247619,2222222,2000000
11,54,0,1.11149,1.11128,1.1113,-2,60,19,21,1.11156,1.11125,58.114905559167326,41.885094440832674,163649976,34,36,31,37,14,13,8,3,11,2,7500000,6666667,5000000,5000000,3666667,2476190,2355598,2229422,2018792,1894937,-33,-39,-32,-27,-34,-31,-30,-28,-29,-4,10000000,7500000,6000000,5833333,5714286,5555556,5416667,5200000,5200000,3067388
11,55,1,1.11167,1.11145,1.11128,17,59,39,22,1.11172,1.11136,69.36462308380743,30.63537691619257,241468294,29,37,42,16,19,2,3,24,12,5,8000000,7500000,5000000,2548908,2528000,2051634,2003934,2000000,1936158,1760807,-18,-25,-21,-24,-28,-30,-19,-23,-22,-31,10000000,10000000,7500000,7500000,7500000,7500000,6250000,6250000,5714286,5555556
11,56,1,1.11186,1.11163,1.11145,18,55,41,23,1.11184,1.1115,53.80074351943628,46.19925648056372,235659206,38,41,46,47,48,31,36,33,27,20,6666667,5833333,5714286,5000000,5000000,5000000,5000000,5000000,3020833,2926591,-29,-17,-30,-15,-16,-32,-14,-18,-25,-21,10000000,7500000,7500000,6666667,6666667,6666667,5000000,5000000,5000000,5000000
11,57,1,1.11218,1.11169,1.11163,6,55,55,49,1.11192,1.1116,59.95678095911174,40.04321904088826,171617876,39,42,41,43,17,8,14,13,21,19,10000000,5833333,5000000,5000000,2723958,2344918,2026190,2018812,2000000,1944444,5,-3,-6,0,1,-2,3,-4,-1,2,10000000,6666667,6666667,5714286,5625000,5555556,5263158,5000000,5000000,5000000
11,58,0,1.11165,1.11158,1.11169,-11,74,0,7,1.11193,1.11156,44.41079762866371,55.58920237133629,254289871,36,41,34,30,27,26,33,31,39,37,10000000,10000000,6250000,5454545,5000000,5000000,5000000,5000000,5000000,5000000,-60,-52,-57,-55,-58,-67,-65,-48,-42,-23,10000000,6666667,5416667,5000000,5000000,5000000,5000000,2923077,2585366,2276056
11,59,0,1.11145,1.11122,1.11158,-36,85,21,23,1.11163,1.11128,56.885271602935966,43.114728397064034,249965063,31,38,-21,21,5,14,12,-18,-19,20,5000000,5000000,3074486,2703704,2610945,2608696,2512188,2261749,2208966,2186047,-49,-61,-56,-59,-62,-54,-52,-58,-55,-10,6666667,5833333,5625000,5000000,5000000,5000000,5000000,5000000,5000000,2833735
12,0,0,1.11124,1.11107,1.11122,-15,64,15,17,1.11135,1.11103,56.73523320430253,43.26476679569748,192102695,29,32,43,30,27,17,22,8,-1,21,5833333,5000000,5000000,5000000,5000000,3350000,3166667,2453107,2159481,2125000,-39,-36,-40,-32,-38,-41,-47,-44,-29,-12,10000000,7500000,6666667,5714286,5416667,5384615,5000000,5000000,2888889,2443260
12,1,0,1.11124,1.11076,1.11107,-31,89,21,48,1.11129,1.11095,59.68307418381925,40.31692581618076,205156086,6,-1,4,0,13,-9,-2,-23,-17,-14,6666667,6666667,5714286,5333333,5000000,2440639,2333333,2114594,1900515,1890357,-41,-30,-21,-38,-24,-29,-32,-26,-23,-25,10000000,7500000,7500000,7500000,6250000,5625000,5384615,5250000,5125000,5000000
12,2,1,1.11122,1.11101,1.11076,25,58,46,21,1.11126,1.11095,52.35643456699015,47.643565433009854,173965832,30,25,33,28,32,35,11,2,19,6,10000000,7500000,5833333,5714286,5454545,5000000,2416988,2139444,2000000,1992747,-33,-25,-37,-27,-34,-36,-31,-15,4,-8,10000000,10000000,6666667,6250000,5000000,5000000,5000000,3000000,2313087,2267442
12,3,1,1.11143,1.11117,1.11101,16,58,42,26,1.11136,1.11106,48.20090642308067,51.79909357691933,195432358,45,32,35,38,30,27,29,18,6,7,10000000,10000000,6666667,5384615,5333333,3041667,2800000,2582796,2257525,2211285,-32,-30,-16,-7,-13,19,-8,-15,14,-19,10000000,6250000,4000000,3000000,2500000,2432673,2345238,2250000,2063415,2000000
12,4,0,1.11133,1.11106,1.11117,-11,78,16,27,1.11145,1.11112,42.894842067857255,57.105157932142745,233968142,14,36,33,20,18,15,16,17,19,10,10000000,10000000,7500000,6666667,6666667,5714286,5625000,5500000,5454545,4333333,-44,-43,-46,-51,-49,-45,-3,-18,-29,-21,7500000,6666667,5500000,5000000,5000000,5000000,2734194,2673160,2428571,2315315
12,5,0,1.11118,1.11099,1.11106,-7,55,12,19,1.11128,1.11096,39.98450710904242,60.01549289095758,135090346,28,32,35,31,29,27,33,0,13,11,10000000,5833333,5833333,5625000,5263158,5000000,5000000,3662114,2000000,2000000,-36,-35,-9,-21,-12,-7,-20,-6,-5,-4,10000000,10000000,2249440,2200000,2079245,1973975,1692308,1618586,1458575,1452850
12,6,0,1.11121,1.11094,1.11099,-5,63,26,27,1.11115,1.1109,47.63236761846384,52.36763238153616,127894686,35,12,25,9,14,19,-5,16,13,-7,10000000,2540215,2333333,2125000,1845890,1839623,1781250,1780488,1757407,1675676,-36,-4,12,3,-15,-3,-9,-11,11,6,6000000,2366906,2336133,2162133,2153846,2042593,2010753,2000000,1940412,1917678
12,7,0,1.11109,1.11091,1.11094,-3,81,15,18,1.11131,1.11096,58.149306746905566,41.850693253094434,148518486,-17,1,16,-8,9,-4,-5,7,-1,-3,2607092,2088136,2000000,1968193,1941176,1922955,1795225,1775510,1750505,1717988,-60,-63,-39,-41,-44,-31,-27,-35,-9,-16,10000000,6666667,6666667,6000000,3600000,2541667,2329008,2000000,1943768,1927487
12,8,1,1.11122,1.11102,1.11091,11,46,31,20,1.11118,1.11091,53.62308548959678,46.37691451040322,102362724,20,22,12,15,16,26,14,6,3,7,2522901,2275862,2154167,1937772,1800000,1727273,1698134,1673103,1619394,1587547,-26,-5,4,-17,7,10,-2,3,2,-3,7500000,2372881,2209701,2000000,1986242,1806478,1796053,1735606,1727917,1713740
12,9,0,1.11097,1.11069,1.11102,-33,78,3,28,1.11115,1.11088,53.0656854373149,46.9343145626851,123624784,5,1,-1,-15,-13,-11,-21,-16,-10,-7,2500000,2250000,2166667,2144109,2128481,2064798,1961396,1960241,1851220,1849057,-50,-49,-21,-33,-37,-13,-4,-23,-18,-12,7500000,5000000,2706875,2238806,2000000,1989303,1967742,1839181,1754479,1690867
12,10,1,1.11113,1.11079,1.11069,10,54,44,34,1.11103,1.11067,42.95845635403478,57.04154364596522,176467251,33,35,34,38,36,39,26,6,15,4,10000000,10000000,10000000,10000000,6666667,5000000,4000000,2781426,2176490,1937698,-20,-15,-16,-14,-11,-5,0,13,28,21,7500000,6666667,5000000,5000000,5000000,3000000,2754601,2255556,2000000,1900800
12,11,0,1.11111,1.11072,1.11079,-7,56,36,39,1.11098,1.11067,48.0156849042793,51.984315095720696,164403426,34,40,31,-1,8,6,2,25,26,14,10000000,10000000,6666667,2415371,2407021,2054930,2033752,2000000,2000000,1963415,-17,-13,-14,-5,11,19,35,17,13,16,10000000,10000000,5000000,2000000,1941696,1800423,1688889,1670798,1663793,1652142
12,12,1,1.11103,1.11073,1.11072,1,46,31,30,1.11099,1.11071,46.86829092961092,53.13170907038908,100971049,30,35,0,16,1,-2,15,3,4,9,7500000,5000000,2346183,2000000,1969712,1887279,1882353,1877052,1804555,1717647,-11,-13,18,8,-8,11,3,6,-3,1,4000000,2666667,2000000,1943202,1757576,1689882,1646502,1606928,1541872,1490744
12,13,1,1.11102,1.11085,1.11073,12,55,29,17,1.11105,1.11075,38.89736659500824,61.10263340499176,163821175,37,35,30,40,32,45,31,18,3,15,10000000,7500000,6250000,5625000,5500000,5000000,2800000,2594565,2304355,2215294,-38,-25,-21,-7,-22,-23,-16,-13,10,-10,5000000,2500000,2058824,2012381,2000000,2000000,1870370,1810573,1792982,1629659
12,14,0,1.11099,1.11085,1.11085,0,66,14,14,1.11123,1.11088,60.66380385235277,39.33619614764724,202079936,23,29,26,21,28,3,5,-5,15,-6,6666667,6666667,6250000,5000000,5000000,2453237,2271812,2179422,2000000,1898286,-50,-51,-47,-39,-48,-42,-45,-43,-52,-44,10000000,10000000,7500000,6666667,6000000,5625000,5357143,5000000,5000000,5000000
12,15,0,1.11086,1.11056,1.11085,-29,86,10,30,1.11103,1.11071,53.18523185732824,46.81476814267176,178874247,2,8,16,1,-29,-26,-17,-14,-30,7,7500000,5000000,5000000,4117647,2537273,2409562,2358466,2321429,2064740,2000000,-56,-55,-39,-50,-41,-43,-37,-23,-24,-36,7500000,6250000,6000000,5000000,5000000,2666667,2250000,2029341,1998980,1800000
12,16,1,1.11113,1.1108,1.11056,24,56,57,33,1.11099,1.11063,57.94295066106135,42.05704933893865,183387366,40,42,36,35,-2,30,3,7,16,5,7500000,5000000,5000000,2857143,2608772,2101449,1967537,1962087,1939599,1884348,-16,-20,-6,-23,-14,-12,-10,-5,10,4,10000000,10000000,6666667,6000000,5625000,5555556,5000000,2437500,1910823,1901408
12,17,0,1.11083,1.11048,1.1108,-32,116,19,35,1.11102,1.11061,64.27601110428569,35.72398889571431,233302715,-25,-2,3,-34,-27,-15,-12,-1,11,-38,2289961,2279012,2212264,2195062,2089239,2054412,1994505,1956627,1933333,1850602,-40,-39,-53,-37,-50,-54,-51,-45,-41,-46,7500000,7500000,6000000,6000000,5625000,5500000,5416667,5333333,5000000,5000000
12,18,0,1.11066,1.11032,1.11048,-16,72,18,34,1.11069,1.11037,48.66881632532147,51.33118367467853,174926687,25,20,27,23,21,16,26,-6,3,-8,10000000,6666667,6250000,6000000,6000000,5000000,5000000,2487217,2411765,2081880,-33,-27,-31,-34,-38,-32,-17,1,-15,-4,10000000,7500000,6666667,5333333,5000000,5000000,2886598,2055724,2000000,1955906
12,19,0,1.11055,1.11029,1.11032,-3,75,23,26,1.11066,1.11035,44.19253086215914,55.80746913784086,204591324,29,23,26,24,17,30,28,0,3,-5,10000000,10000000,10000000,6666667,5000000,5000000,5000000,3011565,2177215,2070794,-39,-37,-49,-47,-41,-19,-20,-5,-2,-17,10000000,7500000,5000000,5000000,5000000,2580488,2088889,2042129,1905882,1738462
12,20,0,1.11051,1.11018,1.11029,-11,71,22,33,1.11058,1.11028,50.42561217449566,49.57438782550434,144268547,16,11,15,-11,-2,-20,-17,-4,2,-19,10000000,7500000,6000000,2892934,2364486,1939523,1900436,1839888,1666667,1626627,-38,-37,-34,-25,-6,-12,-24,-9,-23,-17,10000000,6250000,5000000,3000000,2014251,2000000,2000000,1991480,1875000,1833333
12,21,1,1.11045,1.11025,1.11018,7,62,27,20,1.11055,1.11024,63.06447653648095,36.935523463519054,138857986,31,36,5,-4,16,0,11,-2,9,7,7500000,5000000,2337875,2298361,2000000,1971709,1954545,1852736,1785714,1637681,-42,-40,-38,-35,-30,-34,-33,-19,-10,-9,10000000,10000000,5714286,5625000,5000000,5000000,5000000,2952941,1935010,1867945
12,22,0,1.11045,1.10987,1.11025,-38,98,20,58,1.11054,1.11022,54.96160906623062,45.03839093376938,187027230,-1,0,2,-3,-10,-18,-42,-33,-23,-24,7500000,6666667,6250000,5000000,5000000,4000000,2354899,2286257,2222222,2060976,-30,-38,-27,-32,-40,-29,-31,-10,-12,-3,10000000,10000000,10000000,5833333,5500000,5166667,5000000,2169679,2121866,2105724
12,23,1,1.11045,1.11022,1.10987,35,56,58,23,1.11047,1.11016,56.9678777388299,43.0321222611701,139938592,33,34,35,37,2,8,17,10,15,12,7500000,5625000,5555556,5000000,2860125,2241772,2000000,1920635,1869565,1731707,-33,-26,-27,-29,-31,-30,-6,-3,0,-1,10000000,10000000,5500000,5454545,5277778,5263158,2375635,2338614,2297297,2126241
12,24,1,1.11058,1.11031,1.11022,9,52,36,27,1.1105,1.11016,44.66832974893153,55.33167025106847,202231327,48,40,38,49,44,43,42,39,11,16,10000000,10000000,10000000,10000000,6666667,5625000,5000000,5000000,2313361,2203024,-16,-18,-17,-19,-14,-20,-11,-25,10,8,10000000,6666667,5625000,5000000,5000000,5000000,5000000,5000000,2062215,1848815
12,25,0,1.11033,1.11015,1.11031,-16,66,3,18,1.11051,1.11017,56.55298197830228,43.44701802169772,191946400,27,22,25,30,28,33,0,-5,12,10,10000000,6250000,5833333,5555556,5000000,5000000,2937727,2724250,2000000,2000000,-33,-36,-45,-41,-43,-39,-48,-42,-44,-37,10000000,10000000,6666667,6250000,5714286,5714286,5500000,5217391,5192308,5000000
12,26,0,1.1103,1.11013,1.11015,-2,61,15,17,1.11038,1.1101,62.15954863920216,37.84045136079784,165044905,41,44,21,15,10,19,13,8,3,-7,5000000,5000000,2545455,2407895,2100820,2000000,1887560,1816928,1788564,1777381,-41,-44,-30,-27,-29,-31,-32,-34,0,-21,10000000,7500000,6666667,6250000,5714286,5714286,5357143,5000000,2818228,2195122
12,27,1,1.11062,1.11035,1.11013,22,55,49,27,1.11056,1.1102,51.89716726891945,48.10283273108055,217958035,47,34,35,46,32,48,6,27,15,29,10000000,10000000,6666667,6000000,5333333,5000000,3205224,3000000,2898352,2190476,-13,-22,-26,-17,-14,-24,-28,-25,-12,14,10000000,7500000,6250000,6000000,5166667,5000000,5000000,5000000,3413793,2687578
12,28,1,1.11077,1.11049,1.11035,14,57,42,28,1.11075,1.1104,50.225686914893785,49.774313085106215,206595717,38,35,34,36,46,41,33,42,11,14,10000000,10000000,10000000,6250000,5000000,5000000,5000000,5000000,3256723,2330864,-21,-29,-12,-25,-27,-26,-16,-19,-20,-18,6666667,6250000,6000000,6000000,5625000,5555556,5277778,5000000,5000000,5000000
12,29,1,1.1108,1.11056,1.11049,7,53,34,24,1.11071,1.11038,45.77639163815094,54.22360836184906,205409161,36,40,49,51,43,50,53,38,37,27,10000000,7500000,6666667,5833333,5625000,5000000,5000000,5000000,5000000,2577320,-26,-23,-20,-27,-29,-5,-12,20,3,2,10000000,10000000,6250000,5625000,5000000,2659574,2500000,2088889,2064171,2046243
12,30,1,1.11095,1.11064,1.11056,8,72,39,31,1.11096,1.1106,52.96056461045583,47.03943538954417,263718531,23,41,45,42,40,37,29,27,30,26,10000000,6250000,5000000,5000000,5000000,5000000,5000000,5000000,4333333,3846154,-30,-41,-32,-34,-38,-27,-21,-26,-28,-29,10000000,6666667,6000000,5833333,5833333,5263158,5000000,5000000,5000000,5000000
12,31,1,1.1112,1.11097,1.11064,33,51,56,23,1.11107,1.11074,44.523834205513175,55.476165794486825,236352057,59,57,63,49,52,53,56,62,48,47,7500000,6250000,6000000,6000000,5454545,5000000,5000000,5000000,5000000,5000000,-26,-10,-7,-22,-9,-8,-28,-24,-5,5,7500000,6000000,6000000,6000000,5000000,5000000,5000000,5000000,2700000,2423904
12,32,1,1.11121,1.11107,1.11097,10,53,24,14,1.11129,1.11094,40.3179284868924,59.6820715131076,192770395,41,32,44,34,37,38,35,45,43,36,10000000,6666667,6250000,6250000,6250000,5555556,5454545,5000000,5000000,5000000,-37,-35,-33,-39,-32,-29,-15,-4,-9,-6,6000000,5833333,5714286,5714286,5277778,5000000,2414634,2364627,2118980,2113902
12,33,0,1.11111,1.11086,1.11107,-21,82,7,25,1.11133,1.11096,47.68915933810688,52.31084066189312,274438870,24,22,7,10,19,11,16,15,13,17,10000000,7500000,6666667,6250000,5833333,5714286,5500000,5312500,5312500,5000000,-45,-53,-49,-55,-52,-54,-51,-57,-46,-25,10000000,7500000,7500000,6250000,5714286,5500000,5263158,5000000,5000000,2701934
12,34,0,1.11101,1.11071,1.11086,-15,72,15,30,1.11113,1.11074,47.999242293105205,52.0007577068948,212488498,17,20,22,24,18,21,28,23,26,15,7500000,6250000,6250000,5625000,5500000,5384615,5384615,5000000,5000000,5000000,-31,-39,-36,-32,-38,-33,-42,-35,-37,-29,7500000,5833333,5714286,5555556,5500000,5500000,5357143,5227273,5000000,4000000
12,35,0,1.11087,1.1106,1.11071,-11,65,16,27,1.11096,1.11055,49.97884254331811,50.02115745668189,241791822,34,33,28,27,23,32,26,24,22,25,10000000,7500000,6250000,6250000,5714286,5454545,5263158,5238095,5166667,5138889,-27,-31,-35,-36,-32,-26,-28,-25,-33,-37,10000000,6250000,6250000,6000000,5555556,5357143,5333333,5208333,5185185,5178571
12,36,0,1.11084,1.11049,1.1106,-11,74,24,35,1.11091,1.11053,54.99736612023983,45.002633879760175,230435728,29,22,20,30,18,23,25,17,31,12,7500000,6250000,6000000,5833333,5714286,5416667,5000000,5000000,5000000,3000000,-39,-23,-34,-28,-31,-21,-26,-35,-25,-29,10000000,10000000,6666667,6000000,6000000,5833333,5500000,5384615,5333333,5263158
12,37,1,1.11085,1.11054,1.11049,5,64,36,31,1.11086,1.11053,53.34126197960328,46.65873802039672,185983830,27,25,29,28,35,31,23,4,0,-1,10000000,7500000,7500000,6666667,6666667,6250000,5000000,2476617,2351538,2042799,-26,-20,-28,-33,-24,-21,-27,-25,-22,2,10000000,10000000,5833333,5833333,5625000,5454545,5416667,5312500,5192308,2612009
12,38,0,1.1106,1.11035,1.11054,-19,77,7,25,1.11078,1.11039,51.54663941074941,48.45336058925059,261526085,32,26,22,29,19,20,25,21,17,24,10000000,10000000,6250000,6250000,5833333,5833333,5833333,5000000,5000000,5000000,-52,-37,-33,-46,-32,-44,-41,-36,-50,-43,10000000,10000000,7500000,6666667,6666667,6250000,5555556,5500000,5000000,5000000
12,39,1,1.11063,1.11046,1.11035,11,51,28,17,1.11069,1.11033,51.76876160407,48.231238395930006,194458173,35,38,37,44,39,36,43,40,41,8,7500000,6250000,6250000,6000000,5714286,5384615,5333333,5294118,5208333,3480496,-32,-33,-29,-31,-34,-30,-27,-26,-24,-7,10000000,7500000,6666667,6000000,5714286,5454545,5357143,5294118,5000000,2346667
12,40,0,1.11044,1.1102,1.11046,-26,79,5,24,1.11064,1.11028,52.72525565166363,47.27474434833637,240765302,18,29,12,28,6,24,27,30,9,-18,10000000,10000000,6250000,6000000,5000000,5000000,5000000,5000000,3200000,2838562,-55,-46,-39,-53,-35,-54,-49,-51,-52,-42,10000000,7500000,7500000,6666667,6000000,5833333,5714286,5555556,5000000,5000000
12,41,0,1.11032,1.1101,1.1102,-10,67,17,22,1.11041,1.11004,50.46583881902368,49.53416118097632,249685074,38,37,42,32,33,39,43,40,36,35,7500000,7500000,7500000,5833333,5714286,5555556,5357143,5333333,5312500,5000000,-39,-45,-30,-42,-23,-28,-29,-32,-33,-25,10000000,7500000,5625000,5555556,5500000,5263158,5151515,5100000,5000000,4842105
12,42,1,1.11081,1.11033,1.1101,23,51,71,48,1.11051,1.11015,61.57831109793254,38.42168890206746,230623532,58,45,39,50,13,28,30,25,4,36,10000000,10000000,5666667,5000000,2833613,2310714,2288793,2154286,2146457,2000000,9,18,2,-2,3,4,-3,12,1,13,10000000,7500000,6666667,6250000,5833333,5625000,5625000,5500000,5454545,5384615
12,43,1,1.11067,1.11044,1.11033,11,54,34,23,1.11065,1.1103,58.44255752850953,41.55744247149047,198993379,43,50,45,47,41,15,26,28,24,19,10000000,7500000,7500000,5000000,5000000,2776846,2333333,2250000,2062500,1942238,-21,-14,-20,-22,-29,-23,-16,-19,-25,-18,10000000,6250000,6250000,5833333,5833333,5833333,5277778,5250000,5217391,5208333
12,44,1,1.1107,1.11049,1.11044,5,60,26,21,1.11075,1.11037,55.54388433562664,44.45611566437336,287855275,42,41,37,49,43,40,39,29,33,36,10000000,10000000,10000000,10000000,6666667,5500000,5000000,5000000,5000000,5000000,-28,-32,-26,-29,-18,-33,-34,-30,-39,-24,10000000,10000000,7500000,7500000,7500000,7500000,7500000,7500000,6250000,6000000
12,45,1,1.11076,1.11056,1.11049,7,57,27,20,1.11083,1.11048,43.09154965429074,56.90845034570926,201004593,38,33,31,36,27,30,29,43,32,34,10000000,10000000,7500000,7500000,6666667,6250000,6250000,5000000,5000000,5000000,-36,-35,-37,-31,-34,-33,-29,-7,-4,-21,6666667,5833333,5333333,5217391,5166667,5119048,5000000,2605310,2377471,2250000
12,46,1,1.11103,1.1106,1.11056,4,67,47,43,1.11091,1.11054,57.78345618309714,42.216543816902856,251833614,23,44,25,26,42,31,-4,22,24,27,10000000,7500000,6250000,5333333,5000000,5000000,2770617,2750000,2666667,2500000,-8,-24,-11,-20,-15,-17,-6,-3,-7,-16,10000000,10000000,7500000,6000000,5625000,5625000,5454545,5333333,5312500,5000000
12,47,1,1.11084,1.11076,1.1106,16,52,24,8,1.11096,1.11054,50.21523576634718,49.78476423365282,298621605,61,51,47,49,50,43,45,44,39,40,10000000,10000000,10000000,7500000,6250000,5833333,5833333,5714286,5000000,5000000,-36,-37,-32,-29,-41,-35,-34,-26,-38,-28,5625000,5500000,5454545,5357143,5312500,5277778,5263158,5166667,5166667,5161290
12,48,0,1.1109,1.11069,1.11076,-7,62,14,21,1.11099,1.11063,55.1156259958276,44.8843740041724,173009364,28,33,31,26,24,29,17,5,15,16,6000000,6000000,5454545,5000000,5000000,5000000,4000000,3175461,2400000,2000000,-41,-29,-31,-38,-33,-35,-34,-32,-37,-39,10000000,6250000,5833333,5500000,5454545,5357143,5312500,5147059,5121951,5000000
12,49,0,1.11079,1.11051,1.11069,-18,73,19,28,1.11089,1.1105,57.26872560648759,42.73127439351241,278949937,35,27,31,19,22,33,24,23,28,34,10000000,5833333,5200000,5000000,5000000,5000000,5000000,5000000,5000000,5000000,-21,-40,-45,-33,-23,-24,-28,-35,-34,-27,10000000,7500000,6250000,6250000,6250000,5833333,5714286,5555556,5500000,5294118
12,50,0,1.11101,1.11049,1.11051,-2,69,50,52,1.11089,1.11047,52.40282411491938,47.59717588508062,234939023,27,31,23,21,24,22,20,29,25,18,10000000,7500000,6666667,6000000,5833333,5625000,5625000,5312500,5277778,4666667,-6,-17,-14,-15,-9,-12,-4,-10,-11,-8,6666667,6000000,5555556,5416667,5250000,5217391,5208333,5185185,5142857,5142857
12,51,1,1.11072,1.11056,1.11049,7,59,23,16,1.1108,1.11048,60.00398072207594,39.996019277924056,174259842,32,36,33,34,3,6,1,25,20,4,10000000,5000000,5000000,5000000,2241756,2154393,2095913,2000000,2000000,1976799,-28,-43,-31,-32,-35,-39,-29,-34,-41,-38,10000000,6250000,6000000,5555556,5416667,5312500,5227273,5116279,5102041,5084746
12,52,0,1.11053,1.11027,1.11056,-29,96,5,26,1.11081,1.11047,61.72185372972257,38.27814627027743,295581623,5,17,9,-1,10,21,-11,-33,-23,-13,10000000,10000000,6250000,5555556,5000000,5000000,2856757,2616923,2459459,2317447,-58,-68,-70,-52,-57,-50,-48,-56,-63,-44,10000000,10000000,10000000,7500000,6000000,6000000,6000000,5833333,5555556,5500000
12,53,1,1.11059,1.11032,1.11027,5,62,32,27,1.11063,1.11021,53.69551587777018,46.30448412222982,263320476,32,43,31,44,25,27,34,29,40,26,7500000,7500000,7500000,6666667,6250000,6000000,5833333,5714286,5714286,5384615,-22,-20,-21,-27,-25,-33,-24,-34,-30,-31,10000000,10000000,10000000,6666667,5555556,5500000,5454545,5238095,5161290,5074627
12,54,0,1.11036,1.11014,1.11032,-18,84,4,22,1.11064,1.11021,49.361158165071565,50.63884183492844,306168584,7,13,22,14,12,8,6,21,11,23,10000000,10000000,6666667,6250000,6000000,6000000,5625000,5500000,5416667,5185185,-57,-60,-53,-43,-58,-51,-62,-50,-52,-44,7500000,7500000,6666667,6666667,5714286,5555556,5555556,5416667,5333333,5333333
12,55,0,1.11027,1.11,1.11014,-14,74,14,27,1.11039,1.11,44.10886350813366,55.89113649186634,299477911,17,20,23,36,16,19,29,28,25,15,10000000,10000000,10000000,10000000,7500000,7500000,6666667,5833333,5833333,5625000,-37,-34,-45,-38,-31,-32,-36,-35,-47,-33,10000000,10000000,6666667,6666667,5625000,5357143,5294118,5263158,5185185,5142857
12,56,1,1.11059,1.11005,1.11,5,60,59,54,1.11035,1.10994,49.80832459076067,50.19167540923933,232308621,35,27,31,29,34,33,32,30,36,28,10000000,10000000,7500000,7500000,7500000,6250000,5555556,5500000,5454545,5000000,-6,9,-4,-5,-2,2,4,-1,1,-3,10000000,6666667,5714286,5500000,5312500,5156250,5147059,5092593,5078125,5069444
12,57,0,1.11019,1.10996,1.11005,-9,63,14,23,1.11028,1.10994,43.44596850109442,56.55403149890558,147907742,27,22,28,24,23,26,25,29,2,0,10000000,7500000,6250000,5555556,5454545,5416667,5000000,5000000,2894059,2689895,-39,-35,-36,-38,-40,-20,-6,-5,-13,1,5714286,5625000,5263158,5238095,5161290,2000000,1900702,1886588,1865672,1858750
12,58,0,1.11006,1.10978,1.10996,-18,77,14,28,1.11021,1.10981,52.103081183584926,47.896918816415074,274498866,28,32,20,23,29,19,16,14,17,15,6666667,6666667,6000000,5833333,5833333,5625000,5500000,5277778,5000000,5000000,-42,-44,-35,-36,-38,-27,-31,-37,-33,-39,10000000,7500000,5714286,5625000,5625000,5625000,5384615,5357143,5217391,5192308
12,59,0,1.10999,1.10964,1.10978,-14,70,27,35,1.10999,1.10962,54.70614801927709,45.293851980722906,239696955,33,29,34,37,32,38,5,12,9,-6,10000000,7500000,6666667,6666667,5263158,5000000,2619323,2195238,2150316,2018681,-32,-35,-20,-18,-19,-34,-24,-31,-22,-33,7500000,7500000,6666667,6250000,5714286,5357143,5357143,5333333,5185185,5000000
13,0,0,1.10973,1.10958,1.10964,-6,62,9,15,1.10992,1.1095,59.51927745451783,40.48072254548217,197521462,32,26,29,31,27,8,-1,25,23,9,10000000,5000000,5000000,5000000,2750000,2590451,2275854,2000000,2000000,1947248,-42,-36,-47,-35,-43,-40,-41,-44,-45,-37,10000000,10000000,7500000,6250000,5833333,5833333,5714286,5416667,5238095,5000000
13,1,0,1.10993,1.10958,1.10958,0,73,35,35,1.10994,1.10956,58.2469482960153,41.7530517039847,275949602,28,25,21,30,24,26,18,8,17,-1,10000000,10000000,10000000,6000000,5500000,5000000,5000000,2846593,2499111,2480039,-16,-17,-25,-38,-31,-30,-27,-37,-34,-26,7500000,7500000,6666667,6666667,6666667,6000000,5714286,5555556,5555556,5500000
13,2,0,1.10979,1.10924,1.10958,-34,97,21,55,1.10987,1.1095,51.876021259473234,48.123978740526766,239230951,-6,4,1,-7,-2,-5,0,-3,7,-4,10000000,10000000,10000000,6666667,6000000,5500000,5500000,5277778,5000000,5000000,-35,-27,-31,-38,-32,-26,-30,-42,-28,-40,6666667,6666667,6666667,6250000,6250000,6250000,6250000,5833333,5833333,5555556
13,3,1,1.10984,1.10955,1.10924,31,84,60,29,1.10998,1.10967,57.91524162514631,42.08475837485369,233597872,24,28,31,23,27,-15,-1,-4,0,2,7500000,6000000,5500000,5000000,5000000,2589700,2334694,2325153,2116114,2112245,-32,-49,-50,-33,-44,-47,-39,-48,-40,-46,10000000,7500000,7500000,6250000,6000000,6000000,5625000,5263158,5142857,5000000
13,4,1,1.10995,1.10966,1.10955,11,62,40,29,1.10997,1.10965,64.2996815709429,35.70031842905711,183661317,27,34,29,7,11,17,5,9,16,1,6666667,6250000,5000000,2638369,2389706,2000000,1977099,1853503,1833333,1811063,-22,-23,-18,-21,-25,-27,-24,-26,-28,-33,7500000,6666667,6250000,6250000,6000000,5500000,5416667,5384615,5277778,5227273
13,5,1,1.10997,1.10976,1.10966,10,70,31,21,1.11013,1.10973,52.07229930744411,47.92770069255589,275903943,31,30,22,17,26,20,28,23,38,35,10000000,10000000,7500000,7500000,7500000,6000000,5714286,5555556,5000000,5000000,-44,-45,-39,-40,-43,-27,-30,-36,-46,-42,7500000,6666667,6250000,6250000,6000000,5555556,5555556,5555556,5555556,5384615
13,6,0,1.10983,1.10965,1.10976,-11,75,7,18,1.11007,1.1097,56.34902082023471,43.650979179765294,267318024,16,18,25,28,31,15,17,-5,-10,-15,10000000,10000000,10000000,10000000,10000000,6666667,5500000,2539153,2534594,2294695,-56,-44,-45,-37,-54,-52,-51,-43,-53,-48,10000000,10000000,7500000,7500000,6666667,5454545,5333333,5333333,5294118,5208333
13,7,0,1.10974,1.10955,1.10965,-10,66,9,19,1.1099,1.10958,52.471886781612135,47.528113218387865,182784302,23,27,24,26,25,29,-4,2,8,0,10000000,10000000,6666667,6250000,5714286,5714286,3326295,2293478,2222222,2188000,-45,-41,-47,-44,-46,-40,-42,-43,-39,-17,10000000,6666667,6250000,6000000,6000000,5833333,5625000,5555556,5357143,1921173
13,8,0,1.1096,1.10938,1.10955,-17,75,12,22,1.10974,1.10941,47.34807382775615,52.65192617224385,231974218,15,32,38,33,37,25,14,17,12,8,10000000,10000000,10000000,10000000,7500000,6250000,3600000,3000000,2500000,2413386,-49,-33,-51,-30,-53,-35,-45,-44,-32,-31,6666667,6000000,5714286,5714286,5357143,5357143,5000000,5000000,4625000,3631579
13,9,1,1.10983,1.10959,1.10938,21,49,45,24,1.10977,1.10942,61.08964619953556,38.91035380046444,237031543,44,53,46,47,42,49,18,24,26,23,10000000,7500000,6666667,6666667,5416667,5000000,2864474,2821429,2406780,2150568,-7,-14,-25,-12,-9,-15,-16,-19,-22,-10,10000000,7500000,7500000,6666667,6666667,5833333,5833333,5625000,5555556,5454545
13,10,0,1.10983,1.10954,1.10959,-5,59,24,29,1.10983,1.1095,53.48648243021755,46.51351756978245,184712418,35,39,33,31,41,30,28,4,14,-1,10000000,6666667,6666667,6250000,5500000,5357143,5000000,4100922,3000000,2000602,-18,-24,-22,-17,-30,-25,-21,-26,-28,-19,10000000,7500000,7500000,5714286,5500000,5416667,5416667,5263158,5000000,5000000
13,11,0,1.10971,1.10947,1.10954,-7,63,17,24,1.10976,1.1094,42.50031980608921,57.49968019391079,247689155,30,38,28,35,33,41,26,39,37,36,10000000,10000000,7500000,7500000,7500000,7500000,6666667,6000000,6000000,5357143,-26,-36,-37,-25,-27,-24,-35,-38,-28,-39,10000000,6250000,5625000,5454545,5416667,5384615,5357143,5277778,5166667,5000000
13,12,0,1.11005,1.10946,1.10947,-1,59,62,59,1.10972,1.10937,68.98277973076637,31.01722026923364,229112678,44,34,27,22,5,16,29,17,23,15,10000000,5000000,3000000,2690722,2037500,2019385,2000000,1874000,1865385,1805926,1,24,14,10,13,0,19,20,6,21,10000000,6666667,6666667,6250000,6250000,6250000,5500000,5500000,5500000,5357143
13,13,1,1.11004,1.10972,1.10946,26,60,58,32,1.10993,1.10959,57.09479825701155,42.90520174298845,295786240,50,40,37,48,52,46,57,54,36,22,10000000,10000000,6666667,6000000,5833333,5833333,5000000,5000000,5000000,2776744,-10,-23,-11,-17,-18,-16,-21,-15,-28,-20,10000000,10000000,7500000,7500000,7500000,7500000,6000000,5833333,5714286,5555556
13,14,0,1.10993,1.10964,1.10972,-8,70,21,29,1.11001,1.10967,60.54296717700689,39.45703282299311,226456709,28,25,32,30,27,5,11,-1,-2,6,10000000,10000000,7500000,5416667,5000000,3640351,3000000,2514719,1999254,1976923,-28,-27,-35,-40,-41,-33,-31,-26,-38,-30,10000000,10000000,6666667,6000000,6000000,6000000,5714286,5714286,5625000,5416667
13,15,1,1.11039,1.10983,1.10964,19,94,75,56,1.11016,1.10978,60.60300662346584,39.39699337653416,266384404,37,35,26,27,36,18,25,24,-2,-7,10000000,7500000,6666667,6666667,5000000,3806742,3538462,2608696,2419034,2328682,6,-1,12,5,-9,8,3,-6,-3,-5,6666667,6250000,5625000,5500000,5454545,5400000,5384615,5357143,5333333,5200000
13,16,1,1.11018,1.10997,1.10983,14,60,35,21,1.11023,1.10989,58.21589104024677,41.78410895975323,212066633,29,44,38,42,33,31,16,12,3,7,10000000,6666667,5833333,5714286,5000000,5000000,3128141,2865749,2443411,2339695,-36,-35,-21,-25,-22,-19,-27,-32,-26,-23,6666667,5625000,5454545,5416667,5357143,5333333,5333333,5277778,5263158,5135135
13,17,1,1.11035,1.1101,1.10997,13,57,38,25,1.11038,1.10996,48.88730954420646,51.11269045579354,269370514,37,32,35,30,33,38,43,34,44,41,10000000,7500000,7500000,6666667,6666667,6250000,6250000,6250000,5833333,5500000,-23,-24,-18,-25,-17,-29,-32,-28,-27,-22,7500000,7500000,5714286,5555556,5454545,5416667,5384615,5333333,5263158,5192308
13,18,0,1.11018,1.10994,1.1101,-16,71,8,24,1.11035,1.11002,56.30287276090837,43.69712723909163,211481296,25,16,17,22,19,14,23,4,-9,1,10000000,6250000,6000000,6000000,5263158,5000000,5000000,3000000,2950545,2333333,-36,-37,-41,-47,-43,-46,-39,-42,-44,-40,10000000,10000000,7500000,7500000,6666667,6000000,5714286,5500000,5416667,5238095
13,19,0,1.11005,1.10985,1.10994,-9,79,11,20,1.11027,1.10997,53.2387230151901,46.761276984809896,199147271,12,18,19,17,-9,5,-5,0,-2,3,10000000,10000000,10000000,10000000,2561570,2500000,2184000,2166667,2163265,2000000,-43,-45,-47,-56,-54,-52,-53,-59,-48,-38,10000000,7500000,6000000,5714286,5625000,5263158,5000000,5000000,5000000,3000000
13,20,0,1.11006,1.10982,1.10985,-3,66,21,24,1.11018,1.10985,59.899512095511874,40.100487904488126,161086651,24,25,27,26,-3,13,6,-6,0,-1,7500000,6000000,5000000,5000000,3280753,2000000,2000000,1741187,1717514,1689855,-37,-36,-33,-42,-38,-39,-35,-40,-14,-13,10000000,10000000,10000000,7500000,5555556,5416667,5384615,5312500,1950000,1908377
13,21,0,1.11007,1.10982,1.10982,0,63,25,25,1.11016,1.10981,59.68572838478088,40.31427161521912,178070552,32,27,30,26,-3,11,6,9,12,2,10000000,7500000,7500000,5312500,2618122,2200000,2077778,2000000,2000000,1994275,-28,-35,-29,-30,-25,-33,-34,-32,-37,-26,10000000,6666667,6250000,6000000,5625000,5416667,5357143,5217391,5185185,5138889
13,22,1,1.10999,1.10988,1.10982,6,57,17,11,1.11015,1.10983,55.52813078571919,44.471869214280815,156869543,27,30,31,38,3,7,8,16,17,13,10000000,7500000,5000000,5000000,3298517,2307692,2234375,2000000,2000000,1780488,-32,-46,-40,-43,-45,-42,-44,-22,-27,4,10000000,7500000,6666667,6000000,5833333,5625000,5000000,2539474,2000000,1900000
13,23,0,1.10991,1.10978,1.10988,-10,59,5,13,1.11006,1.10975,68.79127697092828,31.20872302907172,154507613,35,8,14,15,10,3,-2,7,5,9,7500000,2021318,2000000,2000000,1893939,1837126,1746429,1673554,1583099,1513736,-43,-34,-40,-37,-35,-45,-42,-46,-36,-24,10000000,10000000,10000000,6666667,6250000,6000000,5833333,5714286,5000000,3302326
13,24,1,1.11004,1.10993,1.10978,15,51,26,11,1.11013,1.10977,50.01888512946699,49.98111487053301,233911555,44,35,41,40,39,38,43,37,36,26,10000000,10000000,10000000,10000000,7500000,5833333,5000000,5000000,5000000,3000000,-33,-38,-36,-24,-32,-37,-31,-35,-27,-39,10000000,10000000,7500000,6250000,6000000,5714286,5294118,5151515,5000000,5000000
13,25,1,1.11033,1.11008,1.10993,15,55,40,25,1.11024,1.10992,59.23201761935557,40.767982380644426,224010009,53,41,52,50,42,23,14,5,33,28,6666667,6666667,5500000,5000000,5000000,3394524,2531469,2530686,2500000,2334821,-15,-30,-10,-25,-17,-24,-18,-20,-22,-8,7500000,7500000,6666667,6666667,6250000,6000000,5625000,5625000,5500000,5277778
13,26,1,1.11063,1.11011,1.11008,3,57,55,52,1.11037,1.11006,64.18099386554725,35.81900613445275,178356741,36,39,38,35,8,11,17,6,-1,3,7500000,5833333,5000000,5000000,3080645,2346008,2240385,1846768,1663889,1588816,-3,-1,1,3,2,-5,6,-2,4,5,10000000,10000000,6666667,6000000,6000000,5714286,5714286,5555556,5454545,5454545
13,27,1,1.11035,1.11015,1.11011,4,62,24,20,1.11051,1.11012,63.54699971625059,36.45300028374941,211387223,37,27,36,34,12,7,5,-5,17,0,10000000,7500000,7500000,5000000,2367816,2225104,2197784,2001020,2000000,1901443,-42,-40,-27,-33,-36,-35,-39,-34,-31,-30,7500000,6250000,6250000,5625000,5625000,5294118,5277778,5227273,5217391,5185185
13,28,1,1.11062,1.11033,1.11015,18,61,47,29,1.11054,1.11023,55.8734137043533,44.1265862956467,202145168,48,43,33,4,32,27,13,23,21,18,10000000,5250000,3500000,3379141,3000000,2857143,2720513,2499034,2433651,2371160,-22,-26,-25,-15,-12,-19,-32,-10,-8,23,7500000,6666667,6250000,5312500,5076923,5000000,5000000,4266667,3127660,2840519
13,29,0,1.11075,1.11018,1.11033,-15,94,42,57,1.11075,1.11041,57.79081956112868,42.20918043887132,228150291,22,19,17,15,20,0,-5,-11,-2,-27,7500000,5833333,5000000,5000000,5000000,5000000,3518519,3291475,2666667,2046617,-36,-35,-28,-34,-26,-32,-30,-29,-37,-17,10000000,10000000,10000000,7500000,5833333,5500000,5454545,5384615,5000000,3956522
13,30,1,1.11062,1.11038,1.11018,20,71,44,24,1.11075,1.11044,68.19822477228709,31.80177522771292,215115051,20,22,9,0,11,1,-7,13,-4,-2,5000000,5000000,3931250,3075306,2279412,1850735,1795733,1777778,1738578,1711881,-47,-36,-33,-26,-39,-38,-41,-43,-35,-44,10000000,10000000,7500000,6666667,6000000,6000000,5833333,5714286,5714286,5625000
13,31,0,1.11057,1.11029,1.11038,-9,81,19,28,1.11075,1.11042,51.34892163330966,48.65107836669034,264645322,15,26,29,16,17,27,28,24,0,-9,10000000,10000000,10000000,7500000,6250000,5714286,5625000,5000000,3306291,3289407,-53,-40,-42,-50,-41,-48,-52,-49,-44,-46,10000000,7500000,7500000,6666667,6000000,6000000,5625000,5333333,5000000,5000000
13,32,1,1.11067,1.11043,1.11029,14,63,38,24,1.11072,1.11038,60.86121030265144,39.13878969734856,230543294,36,40,42,34,33,29,18,20,14,5,7500000,5000000,5000000,5000000,5000000,5000000,3016667,3000000,2527027,2155696,-22,-25,-39,-32,-35,-20,-27,-34,-31,-37,10000000,10000000,6666667,6666667,6666667,6250000,5714286,5714286,5454545,5238095
13,33,1,1.11079,1.11051,1.11043,8,58,36,28,1.11071,1.11041,64.11851105346608,35.88148894653392,190918259,39,45,48,37,22,13,19,16,15,11,5000000,5000000,5000000,5000000,3379630,2758124,2013423,1862696,1818898,1779310,-17,-21,-30,-20,-28,-14,-27,-19,-18,-13,10000000,10000000,10000000,6666667,6666667,6250000,6250000,5500000,5000000,5000000
13,34,1,1.11087,1.11063,1.11051,12,48,36,24,1.11077,1.1105,55.26118388699422,44.73881611300578,138855905,43,27,25,28,14,32,29,13,22,18,6000000,2593750,2496241,2404762,2223614,2000000,2000000,1980460,1968310,1865234,-24,-22,-13,-7,-20,4,-5,13,32,2,10000000,5833333,5000000,5000000,5000000,2275766,2148148,1740360,1700000,1680723
